2150 3800
539 278 642 336 162

1011 277 1271 341 Omnium
1315 274 1662 337 Sanctorum.

683 438 887 497 Pronis
929 440 1095 497 turba
1136 456 1342 498 senum
1383 457 1595 498 cernua
1635 439 1957 514 frontibus,

683 523 837 579 Inter
877 531 961 579 tot
1000 520 1149 578 rutili
1190 520 1413 597 fulgura
1454 521 1701 593 luminis,

684 603 972 678 Regnanti
1012 601 1272 661 Domino
1313 603 1554 661 devovet
1594 622 1783 676 aurea,

844 683 1013 755 Quae
1054 684 1235 759 ponit,
1278 684 1620 744 diademata.

683 845 902 905 Gentes
945 847 1295 917 innumerae,
1340 849 1686 923 conspicuae
1731 850 1914 907 stolas

680 929 835 1002 Agni
875 945 1167 1003 purpureo
1209 929 1487 1003 sanguine
1530 930 1823 1001 candidaS‚

683 1009 895 1067 Palmis
939 1009 1087 1067 laeta
1127 1010 1352 1079 cohors,
1395 1011 1657 1069 cantibus
1699 1014 1948 1070 aemulis

843 1090 961 1148 Ter
1003 1101 1265 1151 sanctum
1307 1091 1594 1150 celebrant
1635 1091 1849 1151 Deum.

683 1253 765 1310 Sit
808 1253 930 1311 laus
973 1271 1201 1312 summa
1243 1252 1410 1323 Patri,
1457 1272 1798 1331 summaque
1843 1257 2022 1314 Filio:

682 1335 765 1392 Sit
806 1353 926 1409 par,
971 1344 1183 1406 sancte,
1228 1335 1329 1392 tibi
1371 1335 1494 1394 laus
1536 1354 1787 1412 quoque,
1835 1338 2093 1414 Spiritus5

679 1415 798 1486 Qui
842 1415 944 1475 das
985 1434 1094 1492 pro
1135 1417 1367 1487 meritis,
1411 1417 1664 1492 optimus
1706 1420 1930 1489 arbiter,

839 1496 931 1555 Te
973 1507 1157 1556 totum
1201 1499 1370 1556 simul
1411 1499 1697 1558 omnibus.

1119 1829 1210 1872 AD
1252 1829 1520 1874 LAUDES.

676 2048 927 2124 Hymnis
969 2049 1110 2106 dum
1151 2059 1381 2107 resonat
1422 2049 1577 2106 curia
1619 2049 1920 2122 Coclitum,

674 2131 789 2189 Hic
832 2131 1037 2189 flemus
1078 2130 1275 2205 patriis
1318 2130 1529 2188 finibus
1572 2132 1801 2190 exules.

836 2211 952 2270 Hic
992 2229 1277 2287 suspensa
1318 2222 1580 2271 tenemus

834 2292 1014 2352 Mutis
1056 2293 1316 2351 cantibus
1359 2310 1607 2367 organa:

672 2456 926 2527 Quando
966 2474 1132 2515 mens
1174 2456 1386 2514 misero
1427 2455 1603 2514 libera
1643 2474 1867 2515 carcere

674 2538 748 2594 Se
791 2541 990 2596 vestris
1032 2538 1251 2596 sociam
1294 2537 1553 2596 coetibus
1596 2537 1837 2608 inseret3

831 2619 922 2689 Et,
968 2619 1208 2693 caligine
1249 2619 1431 2694 pulsa,

831 2700 995 2758 Coeli
1036 2699 1224 2758 lucem
1266 2700 1689 2759 habitabimus?

669 2862 966 2920 Obscurae
1008 2861 1227 2940 fugient
1265 2863 1474 2922 mentis
1515 2863 1811 2939 imagineS‚

668 2944 820 3002 Cum
863 2953 1077 3003 stantes
1119 2945 1356 3020 propius
1398 2944 1627 3003 luminis
1669 2945 1742 3004 ad
1779 2945 1952 3022 jubar²

829 3024 956 3083 Nos
998 3044 1196 3086 verum
1237 3027 1360 3085 sine
1401 3028 1555 3084 nube

830 3106 969 3183 Ipso
1010 3108 1070 3164 in
1111 3107 1269 3166 fonte
1310 3108 1646 3167 videbimus.
