2150 3800
471 276 568 340 398
746 334 750 338 ‚
1136 282 1410 338 INDEX.

467 432 653 480 Missum
675 432 1018 497 Redemptorem
1039 441 1144 502 polo

468 514 623 562 Molles
644 516 691 562 in
711 533 845 581 agnos
865 534 945 566 ceu
964 521 1086 581 lupus
1152 558 1164 570 .

467 595 662 654 Montes,
682 602 911 661 superbum
932 604 1136 652 verticem
1292 644 1304 654 .

467 678 668 735 Mortale,
691 682 812 728 coelo
833 684 950 740 tolle,
971 700 1125 749 genus,
1146 697 1270 749 mprnt

466 760 624 808 Mundi
648 762 755 810 salus
777 764 848 825 qui
871 767 1047 813 nasceris
1139 805 1151 817 .

462 890 542 937 Nil
562 891 755 941 laudibus
772 897 922 944 nostris
943 913 1044 962 eges
1135 935 1148 949 .

462 973 601 1021 Nobis
623 975 818 1037 Olympo
838 980 1025 1028 redditus
1138 1020 1148 1030 .

463 1056 569 1102 Non
591 1058 765 1105 abluunt
789 1059 989 1121 lymphae
1012 1064 1159 1112 Deum

460 1137 567 1184 Non
588 1148 707 1200 parta
728 1142 820 1189 solo
839 1145 1046 1208 sanguine
1139 1183 1151 1195 .

457 1219 565 1267 Non
587 1236 695 1268 vana
710 1224 912 1271 dilectum
932 1242 1114 1291 gregem
1145 1264 1157 1276 .

462 1303 658 1350 Noxium
681 1306 872 1354 Christus
892 1310 1019 1356 slmul
1040 1313 1233 1360 innoivit
1288 1348 1300 1361 .

460 1386 507 1430 N
509 1401 592 1432 unc
616 1387 700 1434 suis
720 1390 897 1437 tandem
918 1406 1052 1439 novus
1073 1409 1101 1441 e
1120 1395 1289 1444 latebris

459 1510 504 1557 Ο
527 1510 708 1570 Christe,
732 1515 805 1575 qui
827 1525 971 1564 noster
988 1520 1077 1578 poli
1134 1557 1146 1569 .

462 1593 507 1640 Ο
530 1594 627 1641 fons
649 1597 820 1651 amoris,
843 1598 1017 1658 Spiritus

460 1674 502 1721 O
526 1675 662 1731 fortis,
686 1678 729 1723 O
752 1679 943 1728 clemens
966 1683 1085 1730 Deus
1140 1719 1153 1731 .

457 1757 501 1803 Ο
519 1758 614 1817 jam
636 1759 773 1816 beata,
789 1776 898 1821 quae
918 1778 995 1810 suo

457 1839 501 1885 Ο
524 1839 617 1885 luce
639 1855 746 1900 quae
767 1850 840 1889 tua
859 1843 962 1891 lates
994 1880 1006 1892 .

456 1921 500 1967 Ο
524 1922 617 1968 luce
638 1924 712 1984 qui
729 1927 975 1974 mortalibus

458 2003 677 2051 Omnibus
697 2016 846 2054 manat
866 2024 987 2057 cruor
1005 2026 1107 2058 ecee
1129 2015 1249 2062 venis
1286 2050 1297 2062 .

459 2083 726 2144 Opprobriis,
748 2087 866 2145 Jesu,
887 2101 999 2137 satur
1133 2128 1147 2141 .
1283 2134 1294 2144 .

455 2166 499 2213 Ο
512 2168 705 2228 pulchras
726 2172 852 2229 acies,
873 2183 1087 2237 castraque
1109 2178 1234 2226 fortia
1287 2215 1300 2228 .

454 2250 577 2313 Opus
595 2254 793 2318 peregisti
817 2265 941 2305 tuum
986 2296 1000 2309 .

455 2338 499 2384 Ο
524 2352 656 2399 quam
673 2341 793 2400 juvat
816 2342 974 2398 fratres,
997 2346 1118 2392 Deus
1141 2381 1153 2394 .

456 2417 499 2463 Ο
522 2419 597 2478 qui
619 2426 710 2472 tuo,
733 2421 820 2466 dux
841 2421 1085 2484 Martyrum
1140 2461 1150 2472 .

454 2499 499 2546 Ο
525 2500 596 2560 qui
614 2510 838 2562 perpetuus
853 2519 930 2550 nos
950 2508 1144 2554 monitor
1163 2509 1289 2557 doces

453 2580 574 2628 Orbe
595 2595 709 2627 nunc
729 2590 825 2630 toto
845 2585 1108 2634 celebrentur
1126 2591 1259 2637 ambo
1279 2628 1289 2640 .

453 2664 497 2710 Ο
521 2663 794 2712 sacerdotum
815 2671 1052 2716 veneranda
1068 2673 1165 2733 jura
1266 2710 1277 2722 .

452 2745 496 2791 Ο
518 2756 659 2793 sancte
683 2747 933 2797 Sanctorum
958 2753 1076 2801 Deus
1122 2792 1134 2804 .

453 2826 498 2873 Ο
520 2827 718 2887 splendor
737 2834 897 2879 aeterni
918 2834 1053 2882 Patris
1126 2873 1136 2883 .

452 2908 1132 2973 Ovirgo‚pectuscuisacrum.

451 2991 495 3038 Ο
517 3006 592 3038 vos
614 3007 714 3039 cum
735 2997 906 3046 citharis
928 3000 1051 3049 dulce
1075 3005 1324 3054 sonantibus
1419 3043 1430 3055 .

448 3121 654 3170 Panditur
673 3138 776 3174 saxo
797 3131 987 3179 tumulus
1007 3143 1179 3182 remoto
1274 3172 1285 3184 .
