2150 3800
528 261 640 315 274

910 236 987 294 In
1014 234 1179 292 Festo
1213 232 1478 309 Corporis
1513 233 1748 296 Christi.

841 397 912 453 In
953 410 1260 469 supremae
1301 402 1472 451 nocte
1512 411 1734 452 coenae

847 475 1221 535 Recumbens
1267 492 1401 533 cum
1442 473 1726 547 fratribus,

843 558 1166 623 Observata
1206 556 1334 631 lege
1376 556 1547 631 plene

846 639 1006 698 Cibis
1048 638 1108 695 in
1149 637 1445 713 legalibus,

845 722 1058 780 Cibum
1099 720 1298 777 turbae
1341 718 1644 778 duodenae

846 803 920 860 Se
964 803 1060 860 dat
1103 801 1220 858 suis
1261 800 1543 858 manibus,

845 964 1108 1022 Verbum
1153 982 1306 1035 care,
1347 981 1562 1038 panem
1606 984 1808 1023 verum

841 1045 1039 1104 Verbo
1084 1063 1315 1103 carnem
1357 1045 1558 1103 efficit:

842 1127 1046 1202 Fitque
1090 1128 1325 1202 sanguis
1368 1125 1579 1185 Christi
1621 1146 1866 1197 merum,

845 1208 922 1266 Et
950 1210 998 1266 si
1041 1227 1246 1267 sensus
1290 1208 1511 1266 deficit:

841 1289 937 1348 Ad
978 1290 1327 1348 firmandum
1369 1306 1470 1347 cor
1518 1291 1806 1348 sincerum

845 1371 980 1429 Sola
1007 1371 1167 1429 ‚fides
1210 1370 1431 1430 sufficit.

843 1533 1101 1592 Tantum
1144 1550 1284 1608 ergo
1329 1532 1764 1592 Sacramentum

842 1616 1222 1674 Veneremur
1250 1617 1444 1673 cernui
1462 1634 1476 1671 ε

843 1697 918 1754 Et
960 1697 1260 1771 antiquum
1312 1696 1722 1754 documentum

845 1778 1017 1837 Novo
1060 1778 1228 1836 cedat
1267 1778 1434 1836 ritui:

843 1860 1101 1919 Praestet
1143 1859 1287 1919 fides
1336 1860 1803 1937 supplementum

846 1941 1133 2000 Sensuum
1176 1941 1438 2000 defectui.

844 2102 1122 2173 Genitori,
1169 2103 1498 2180 Genitoque

840 2183 995 2243 Laus
1039 2194 1096 2243 et
1134 2186 1413 2261 jubilatio,
1556 2189 1560 2194 ’

843 2265 1024 2331 Salus,
1069 2266 1270 2337 honor,
1314 2267 1488 2325 virtus
1530 2284 1764 2343 quoque

845 2346 929 2405 Sit
970 2356 1027 2404 et
1068 2348 1433 2419 benedicti03

839 2428 1180 2487 Procedenti
1222 2430 1296 2487 ab
1337 2439 1584 2506 utroque

841 2508 1098 2586 Compar
1141 2513 1212 2570 sit
1252 2511 1520 2570 laudatio.
1619 2511 1632 2520 ''

1035 2740 1127 2781 AD
1169 2740 1609 2794 MATUTmUM.

682 2861 867 2919 Sacris
911 2861 1203 2921 solemniis
1242 2863 1440 2938 juncta
1480 2865 1593 2922 sint
1618 2866 1848 2939 gaudia,

676 2942 750 3000 Et
791 2961 862 3000 ex
905 2944 1253 3017 praecordiis
1296 2956 1504 3003 sonent
1531 2948 1873 3022 praeconia;

675 3023 971 3084 Recedant
1011 3034 1215 3096 vetera,
1261 3044 1413 3085 nova
1455 3029 1567 3086 sint
1613 3029 1829 3092 omnia,

832 3105 1041 3178 Corda,
1088 3126 1275 3176 voces,
1320 3118 1376 3166 et
1418 3127 1609 3186 opera.
