2150 3800
508 311 624 383 338

848 308 923 366 In
960 307 1230 385 Transfig
1238 312 1484 367 aratione
1511 310 1755 370 Domini.

834 472 1002 530 Pater
1044 490 1178 529 cum
1221 471 1537 548 Unigenito

832 553 907 611 Et
952 553 1163 628 Spiritu
1207 554 1488 612 Paraclito

833 634 1000 693 Unus
1042 635 1212 693 nobis
1255 635 1403 693 hanc
1445 636 1686 711 gloriam

828 716 1063 791 Largire
1106 734 1209 791 per
1249 718 1648 792 praesentiam.
1753 722 1760 729 '

1020 1096 1113 1139 AD
1154 1096 1588 1140 MATUTINUM.

668 1291 723 1350 O
767 1301 920 1349 sator
961 1309 1169 1362 rerum,
1213 1303 1504 1368 reparator
1547 1293 1687 1363 aevi,

665 1373 908 1443 Christe,
951 1391 1050 1430 rex
1095 1392 1316 1449 regum,
1359 1376 1666 1432 metuende
1709 1394 1932 1445 censor,

666 1455 761 1512 Ad
803 1473 1005 1530 preces
1047 1465 1275 1513 nostras
1319 1456 1644 1531 pariterque
1687 1456 1887 1515 laudes

829 1537 1044 1612 Aspice
1087 1537 1281 1610 gratis.

662 1700 864 1758 Noctis
907 1700 1136 1757 incursu
1179 1699 1280 1756 tibi
1322 1710 1455 1757 vota
1496 1699 1730 1757 laudum

662 1782 990 1856 Pangimus,
1033 1791 1261 1856 praesta
1302 1781 1404 1838 tibi
1447 1782 1557 1839 sint
1599 1791 1660 1838 ut
1703 1790 1854 1857 apta,

661 1864 904 1939 Nosque
947 1871 1231 1921 concentu
1271 1862 1465 1921 refove
1508 1864 1775 1939 perennis

821 1944 1083 2002 Luminis
1126 1954 1338 2002 auctor.

659 2107 813 2164 Inter
855 2106 1089 2165 Heliam
1132 2106 1497 2183 Moysenque
1540 2118 1714 2176 vateS,

660 2187 740 2244 Ut
777 2189 944 2263 jubar
986 2189 1122 2246 solis
1165 2188 1372 2245 faciem
1413 2188 1719 2264 refulgens,

657 2268 920 2327 Candida
960 2279 1117 2327 veste
1158 2270 1302 2327 nivis
1344 2271 1519 2328 instar
1562 2270 1725 2328 albae

820 2349 915 2406 Tu
957 2351 1219 2427 micuisti.

660 2514 756 2570 Tu
797 2513 909 2571 Dei
951 2512 1134 2571 Patris
1178 2513 1345 2572 Patre
1385 2524 1527 2571 teste
1570 2514 1759 2588 proles

657 2595 808 2654 Cum
852 2596 930 2654 sis
973 2605 1302 2653 sanctorum
1346 2596 1521 2653 decus
1564 2595 1899 2670 angelorum

657 2676 753 2734 Tu
796 2678 947 2736 salus
990 2677 1208 2746 mundi,
1252 2678 1356 2745 via,
1399 2678 1527 2747 vita,
1571 2678 1744 2735 virtus

818 2758 1083 2817 Crederis
1125 2776 1270 2817 esse.

653 2921 868 2991 Gloria,
910 2922 1084 2980 virtus
1129 2923 1198 2979 sit
1240 2922 1340 2978 tibi
1384 2921 1639 2991 Creator,

653 3003 876 3061 Cuncta
917 3003 1014 3078 qui
1057 3003 1213 3061 solus
1255 3004 1502 3061 retinens
1544 3004 1850 3078 gubernas,

653 3084 722 3140 In
763 3084 970 3142 throno
1012 3085 1175 3160 regni
1218 3085 1340 3142 sine
1382 3084 1495 3142 fine
1537 3102 1784 3160 regnans

814 3164 1027 3224 Trinus
1070 3176 1126 3224 et
1166 3183 1330 3224 unus.
