<?xml version="1.0" encoding="UTF-8"?>
<!DOCTYPE html PUBLIC "-//W3C//DTD XHTML 1.0 Transitional//EN"
    "http://www.w3.org/TR/xhtml1/DTD/xhtml1-transitional.dtd">
<html xmlns="http://www.w3.org/1999/xhtml" xml:lang="en" lang="en">
 <head>
  <title>
</title>
<meta http-equiv="Content-Type" content="text/html;charset=utf-8" />
  <meta name='ocr-system' content='tesseract 3.04.00' />
  <meta name='ocr-capabilities' content='ocr_page ocr_carea ocr_par ocr_line ocrx_word'/>
</head>
<body>
  <div class='ocr_page' id='page_1' title='image "./hymniecclesiae00unkngoog_0218.png"; bbox 0 0 2150 3800; ppageno 0'>
   <div class='ocr_carea' id='block_1_1' title="bbox 563 226 672 282">
    <p class='ocr_par' dir='ltr' id='par_1_1' title="bbox 563 226 672 282">
     <span class='ocr_line' id='line_1_1' title="bbox 563 226 672 282; baseline 0.037 -3"><span class='ocrx_word' id='word_1_1' title='bbox 563 226 672 282; x_wconf 85' lang='lat'>194</span> 
     </span>
    </p>
   </div>
   <div class='ocr_carea' id='block_1_2' title="bbox 1186 223 1496 302">
    <p class='ocr_par' dir='ltr' id='par_1_2' title="bbox 1186 223 1496 302">
     <span class='ocr_line' id='line_1_2' title="bbox 1186 223 1496 302; baseline 0.039 -21"><span class='ocrx_word' id='word_1_2' title='bbox 1186 223 1496 302; x_wconf 81' lang='lat' dir='ltr'>justorum.</span> 
     </span>
    </p>
   </div>
   <div class='ocr_carea' id='block_1_3' title="bbox 874 356 1794 532">
    <p class='ocr_par' dir='ltr' id='par_1_3' title="bbox 874 356 1794 532">
     <span class='ocr_line' id='line_1_3' title="bbox 882 356 1794 440; baseline 0.031 -28"><span class='ocrx_word' id='word_1_3' title='bbox 882 356 1013 416; x_wconf 92' lang='lat' dir='ltr'>Hac</span> <span class='ocrx_word' id='word_1_4' title='bbox 1055 366 1234 440; x_wconf 86' lang='lat' dir='ltr'>surgit</span> <span class='ocrx_word' id='word_1_5' title='bbox 1276 370 1350 427; x_wconf 87' lang='lat' dir='ltr'>ad</span> <span class='ocrx_word' id='word_1_6' title='bbox 1371 374 1618 435; x_wconf 58' lang='lat' dir='ltr'>‘coelum</span> <span class='ocrx_word' id='word_1_7' title='bbox 1659 380 1747 438; x_wconf 90' lang='lat' dir='ltr'>via</span> <span class='ocrx_word' id='word_1_8' title='bbox 1773 400 1794 439; x_wconf 73' lang='lat'>2</span> 
     </span>
     <span class='ocr_line' id='line_1_4' title="bbox 874 436 1702 532; baseline 0.03 -38"><span class='ocrx_word' id='word_1_9' title='bbox 874 436 949 496; x_wconf 93' lang='lat' dir='ltr'>Et</span> <span class='ocrx_word' id='word_1_10' title='bbox 991 459 1100 501; x_wconf 91' lang='lat' dir='ltr'>nos</span> <span class='ocrx_word' id='word_1_11' title='bbox 1142 448 1346 508; x_wconf 89' lang='lat' dir='ltr'>eadem</span> <span class='ocrx_word' id='word_1_12' title='bbox 1389 454 1480 526; x_wconf 89' lang='lat' dir='ltr'>da,</span> <span class='ocrx_word' id='word_1_13' title='bbox 1524 456 1702 532; x_wconf 90' lang='lat' dir='ltr'>Pater,</span> 
     </span>
    </p>
   </div>
   <div class='ocr_carea' id='block_1_4' title="bbox 874 518 1759 680">
    <p class='ocr_par' dir='ltr' id='par_1_4' title="bbox 874 518 1759 680">
     <span class='ocr_line' id='line_1_5' title="bbox 876 518 1759 617; baseline 0.032 -41"><span class='ocrx_word' id='word_1_14' title='bbox 876 518 984 593; x_wconf 88' lang='lat' dir='ltr'>Da,</span> <span class='ocrx_word' id='word_1_15' title='bbox 1028 523 1197 598; x_wconf 87' lang='lat' dir='ltr'>Nate,</span> <span class='ocrx_word' id='word_1_16' title='bbox 1242 531 1316 589; x_wconf 94' lang='lat' dir='ltr'>da</span> <span class='ocrx_word' id='word_1_17' title='bbox 1358 552 1491 593; x_wconf 91' lang='lat' dir='ltr'>cum</span> <span class='ocrx_word' id='word_1_18' title='bbox 1537 538 1759 617; x_wconf 89' lang='lat' dir='ltr'><strong>Spiritu,</strong></span> 
     </span>
     <span class='ocr_line' id='line_1_6' title="bbox 874 601 1559 680; baseline 0.031 -21"><span class='ocrx_word' id='word_1_19' title='bbox 874 601 969 660; x_wconf 89' lang='lat' dir='ltr'>Ad</span> <span class='ocrx_word' id='word_1_20' title='bbox 1012 614 1067 666; x_wconf 89' lang='lat' dir='ltr'>te</span> <span class='ocrx_word' id='word_1_21' title='bbox 1111 612 1299 674; x_wconf 83' lang='lat' dir='ltr'>venire</span> <span class='ocrx_word' id='word_1_22' title='bbox 1341 619 1559 680; x_wconf 87' lang='lat' dir='ltr'>semita.</span> 
     </span>
    </p>
   </div>
   <div class='ocr_carea' id='block_1_5' title="bbox 946 1010 1680 1073">
    <p class='ocr_par' dir='ltr' id='par_1_5' title="bbox 946 1010 1680 1073">
     <span class='ocr_line' id='line_1_7' title="bbox 946 1010 1680 1073; baseline 0.03 -22"><span class='ocrx_word' id='word_1_23' title='bbox 946 1049 961 1052; x_wconf 78' lang='grc'><strong>,</strong></span> <span class='ocrx_word' id='word_1_24' title='bbox 1008 1010 1104 1054; x_wconf 81' lang='grc' dir='ltr'>ΑΙ)</span> <span class='ocrx_word' id='word_1_25' title='bbox 1142 1014 1448 1065; x_wconf 85' lang='lat' dir='ltr'>OFFICIUM</span> <span class='ocrx_word' id='word_1_26' title='bbox 1492 1024 1680 1073; x_wconf 77' lang='lat' dir='ltr'>NOCT-</span> 
     </span>
    </p>
   </div>
   <div class='ocr_carea' id='block_1_6' title="bbox 867 1184 1695 1359">
    <p class='ocr_par' dir='ltr' id='par_1_6' title="bbox 867 1184 1695 1359">
     <span class='ocr_line' id='line_1_8' title="bbox 867 1184 1695 1280; baseline 0.033 -39"><span class='ocrx_word' id='word_1_27' title='bbox 867 1184 1005 1243; x_wconf 93' lang='lat' dir='ltr'>Non</span> <span class='ocrx_word' id='word_1_28' title='bbox 1045 1202 1207 1263; x_wconf 83' lang='lat' dir='ltr'>parta</span> <span class='ocrx_word' id='word_1_29' title='bbox 1250 1197 1374 1256; x_wconf 89' lang='lat' dir='ltr'>solo</span> <span class='ocrx_word' id='word_1_30' title='bbox 1416 1207 1695 1280; x_wconf 86' lang='lat' dir='ltr'>sanguine</span> 
     </span>
     <span class='ocr_line' id='line_1_9' title="bbox 870 1264 1624 1359; baseline 0.033 -37"><span class='ocrx_word' id='word_1_31' title='bbox 870 1264 1052 1326; x_wconf 89' lang='lat' dir='ltr'>Ornat</span> <span class='ocrx_word' id='word_1_32' title='bbox 1095 1272 1295 1335; x_wconf 87' lang='lat' dir='ltr'>beatos</span> <span class='ocrx_word' id='word_1_33' title='bbox 1338 1298 1624 1359; x_wconf 87' lang='lat' dir='ltr'>purpura:</span> 
     </span>
    </p>
   </div>
   <div class='ocr_carea' id='block_1_7' title="bbox 869 1346 1731 1439">
    <p class='ocr_par' dir='ltr' id='par_1_7' title="bbox 869 1346 1731 1439">
     <span class='ocr_line' id='line_1_10' title="bbox 869 1346 1731 1439; baseline 0.032 -35"><span class='ocrx_word' id='word_1_34' title='bbox 869 1346 1011 1408; x_wconf 88' lang='lat' dir='ltr'>Sunt</span> <span class='ocrx_word' id='word_1_35' title='bbox 1052 1352 1359 1431; x_wconf 86' lang='lat' dir='ltr'>incruenta,</span> <span class='ocrx_word' id='word_1_36' title='bbox 1403 1381 1550 1439; x_wconf 90' lang='lat' dir='ltr'>quae</span> <span class='ocrx_word' id='word_1_37' title='bbox 1594 1388 1731 1431; x_wconf 89' lang='lat' dir='ltr'>suos</span> 
     </span>
    </p>
   </div>
   <div class='ocr_carea' id='block_1_8' title="bbox 790 1428 1748 1527">
    <p class='ocr_par' dir='ltr' id='par_1_8' title="bbox 790 1428 1748 1527">
     <span class='ocr_line' id='line_1_11' title="bbox 790 1428 1748 1527; baseline 0.032 -44"><span class='ocrx_word' id='word_1_38' title='bbox 790 1443 797 1450; x_wconf 73' lang='grc'><strong><em>’</em></strong></span> <span class='ocrx_word' id='word_1_39' title='bbox 867 1428 1103 1494; x_wconf 88' lang='lat' dir='ltr'>Habent</span> <span class='ocrx_word' id='word_1_40' title='bbox 1143 1439 1478 1517; x_wconf 83' lang='lat' dir='ltr'>triumphOS,</span> <span class='ocrx_word' id='word_1_41' title='bbox 1520 1454 1748 1527; x_wconf 85' lang='lat' dir='ltr'>praelia.</span> 
     </span>
    </p>
   </div>
   <div class='ocr_carea' id='block_1_9' title="bbox 859 1591 1902 1920">
    <p class='ocr_par' dir='ltr' id='par_1_9' title="bbox 859 1591 1902 1833">
     <span class='ocr_line' id='line_1_12' title="bbox 861 1591 1902 1694; baseline 0.033 -46"><span class='ocrx_word' id='word_1_42' title='bbox 861 1591 918 1650; x_wconf 93' lang='lat' dir='ltr'>N</span> <span class='ocrx_word' id='word_1_43' title='bbox 919 1612 998 1652; x_wconf 90' lang='lat' dir='ltr'>on</span> <span class='ocrx_word' id='word_1_44' title='bbox 1039 1596 1144 1655; x_wconf 90' lang='lat' dir='ltr'>iste</span> <span class='ocrx_word' id='word_1_45' title='bbox 1188 1600 1467 1680; x_wconf 86' lang='lat' dir='ltr'>flammas,</span> <span class='ocrx_word' id='word_1_46' title='bbox 1511 1630 1630 1673; x_wconf 91' lang='lat' dir='ltr'>non</span> <span class='ocrx_word' id='word_1_47' title='bbox 1673 1635 1902 1694; x_wconf 86' lang='lat' dir='ltr'>cruces;</span> 
     </span>
     <span class='ocr_line' id='line_1_13' title="bbox 862 1671 1778 1767; baseline 0.035 -38"><span class='ocrx_word' id='word_1_48' title='bbox 862 1671 999 1732; x_wconf 91' lang='lat' dir='ltr'>Non</span> <span class='ocrx_word' id='word_1_49' title='bbox 1045 1682 1221 1739; x_wconf 86' lang='lat' dir='ltr'>sensit</span> <span class='ocrx_word' id='word_1_50' title='bbox 1262 1703 1443 1748; x_wconf 91' lang='lat' dir='ltr'>uncos</span> <span class='ocrx_word' id='word_1_51' title='bbox 1486 1696 1778 1767; x_wconf 85' lang='lat' dir='ltr'>pectines:</span> 
     </span>
     <span class='ocr_line' id='line_1_14' title="bbox 859 1753 1583 1833; baseline 0.032 -22"><span class='ocrx_word' id='word_1_52' title='bbox 859 1753 1119 1819; x_wconf 87' lang='lat' dir='ltr'>Crudelis</span> <span class='ocrx_word' id='word_1_53' title='bbox 1162 1773 1218 1821; x_wconf 87' lang='lat' dir='ltr'>et</span> <span class='ocrx_word' id='word_1_54' title='bbox 1260 1766 1432 1829; x_wconf 91' lang='lat' dir='ltr'>durus</span> <span class='ocrx_word' id='word_1_55' title='bbox 1476 1775 1583 1833; x_wconf 90' lang='lat' dir='ltr'>sibi</span> 
     </span>
    </p>

    <p class='ocr_par' dir='ltr' id='par_1_10' title="bbox 860 1834 1640 1920">
     <span class='ocr_line' id='line_1_15' title="bbox 860 1834 1640 1920; baseline 0.036 -28"><span class='ocrx_word' id='word_1_56' title='bbox 860 1834 934 1893; x_wconf 90' lang='lat' dir='ltr'>Se</span> <span class='ocrx_word' id='word_1_57' title='bbox 976 1851 1160 1900; x_wconf 86' lang='lat' dir='ltr'>morte</span> <span class='ocrx_word' id='word_1_58' title='bbox 1202 1846 1354 1909; x_wconf 87' lang='lat' dir='ltr'>lenta</span> <span class='ocrx_word' id='word_1_59' title='bbox 1396 1856 1640 1920; x_wconf 88' lang='lat' dir='ltr'>conficit.</span> 
     </span>
    </p>
   </div>
   <div class='ocr_carea' id='block_1_10' title="bbox 851 1999 1730 2329">
    <p class='ocr_par' dir='ltr' id='par_1_11' title="bbox 860 1999 1476 2090">
     <span class='ocr_line' id='line_1_16' title="bbox 860 1999 1476 2090; baseline 0.032 -34"><span class='ocrx_word' id='word_1_60' title='bbox 860 1999 919 2057; x_wconf 92' lang='lat' dir='ltr'>Si</span> <span class='ocrx_word' id='word_1_61' title='bbox 961 2002 1125 2063; x_wconf 89' lang='lat' dir='ltr'>lictor</span> <span class='ocrx_word' id='word_1_62' title='bbox 1164 2009 1241 2066; x_wconf 88' lang='lat' dir='ltr'>illi</span> <span class='ocrx_word' id='word_1_63' title='bbox 1284 2013 1476 2090; x_wconf 88' lang='lat' dir='ltr'>defuit,</span> 
     </span>
    </p>

    <p class='ocr_par' dir='ltr' id='par_1_12' title="bbox 851 2080 1730 2329">
     <span class='ocr_line' id='line_1_17' title="bbox 856 2080 1720 2179; baseline 0.035 -42"><span class='ocrx_word' id='word_1_64' title='bbox 856 2080 914 2137; x_wconf 91' lang='lat' dir='ltr'>Si</span> <span class='ocrx_word' id='word_1_65' title='bbox 956 2085 1153 2159; x_wconf 87' lang='lat' dir='ltr'>vincla,</span> <span class='ocrx_word' id='word_1_66' title='bbox 1198 2091 1392 2167; x_wconf 83' lang='lat' dir='ltr'>fusteS,</span> <span class='ocrx_word' id='word_1_67' title='bbox 1436 2105 1720 2179; x_wconf 81' lang='lat' dir='ltr'>ungulae3</span> 
     </span>
     <span class='ocr_line' id='line_1_18' title="bbox 851 2161 1656 2245; baseline 0.034 -26"><span class='ocrx_word' id='word_1_68' title='bbox 851 2161 1050 2226; x_wconf 88' lang='lat' dir='ltr'>Parata</span> <span class='ocrx_word' id='word_1_69' title='bbox 1093 2189 1199 2245; x_wconf 88' lang='lat' dir='ltr'>pro</span> <span class='ocrx_word' id='word_1_70' title='bbox 1240 2174 1468 2238; x_wconf 91' lang='lat' dir='ltr'>Christo</span> <span class='ocrx_word' id='word_1_71' title='bbox 1510 2189 1656 2245; x_wconf 90' lang='lat' dir='ltr'>mori</span> 
     </span>
     <span class='ocr_line' id='line_1_19' title="bbox 852 2243 1730 2329; baseline 0.033 -28"><span class='ocrx_word' id='word_1_72' title='bbox 852 2243 986 2305; x_wconf 93' lang='lat' dir='ltr'>Hoc</span> <span class='ocrx_word' id='word_1_73' title='bbox 1029 2253 1255 2328; x_wconf 90' lang='lat' dir='ltr'>supplet</span> <span class='ocrx_word' id='word_1_74' title='bbox 1297 2275 1471 2321; x_wconf 90' lang='lat' dir='ltr'>omne</span> <span class='ocrx_word' id='word_1_75' title='bbox 1514 2269 1730 2329; x_wconf 88' lang='lat' dir='ltr'>caritas.</span> 
     </span>
    </p>
   </div>
   <div class='ocr_carea' id='block_1_11' title="bbox 843 2398 1712 2662">
    <p class='ocr_par' dir='ltr' id='par_1_13' title="bbox 843 2398 1712 2662">
     <span class='ocr_line' id='line_1_20' title="bbox 851 2398 1629 2502; baseline 0.035 -40"><span class='ocrx_word' id='word_1_76' title='bbox 851 2407 1074 2484; x_wconf 91' lang='lat' dir='ltr'>Corpus</span> <span class='ocrx_word' id='word_1_77' title='bbox 1119 2398 1344 2494; x_wconf 79' lang='lat' dir='ltr'>subegit</span> <span class='ocrx_word' id='word_1_78' title='bbox 1385 2427 1629 2502; x_wconf 87' lang='lat' dir='ltr'>castitas,</span> 
     </span>
     <span class='ocr_line' id='line_1_21' title="bbox 848 2487 1712 2573; baseline 0.037 -31"><span class='ocrx_word' id='word_1_79' title='bbox 848 2487 920 2544; x_wconf 88' lang='lat' dir='ltr'>Et</span> <span class='ocrx_word' id='word_1_80' title='bbox 961 2490 1195 2555; x_wconf 87' lang='lat' dir='ltr'>liberam</span> <span class='ocrx_word' id='word_1_81' title='bbox 1237 2513 1490 2566; x_wconf 89' lang='lat' dir='ltr'>mentem</span> <span class='ocrx_word' id='word_1_82' title='bbox 1532 2510 1712 2573; x_wconf 88' lang='lat' dir='ltr'>fides:</span> 
     </span>
     <span class='ocr_line' id='line_1_22' title="bbox 843 2568 1597 2662; baseline 0.037 -39"><span class='ocrx_word' id='word_1_83' title='bbox 843 2568 1027 2627; x_wconf 89' lang='lat' dir='ltr'>Amor</span> <span class='ocrx_word' id='word_1_84' title='bbox 1069 2583 1327 2652; x_wconf 87' lang='lat' dir='ltr'>supernis</span> <span class='ocrx_word' id='word_1_85' title='bbox 1370 2586 1597 2662; x_wconf 83' lang='lat' dir='ltr'>ignibus</span> 
     </span>
    </p>
   </div>
   <div class='ocr_carea' id='block_1_12' title="bbox 748 2648 1579 2732">
    <p class='ocr_par' dir='ltr' id='par_1_14' title="bbox 748 2648 1579 2732">
     <span class='ocr_line' id='line_1_23' title="bbox 748 2648 1579 2732; baseline 0.035 -29"><span class='ocrx_word' id='word_1_86' title='bbox 748 2694 757 2703; x_wconf 68' lang='grc'>,</span> <span class='ocrx_word' id='word_1_87' title='bbox 848 2648 1059 2712; x_wconf 86' lang='lat' dir='ltr'>Totam</span> <span class='ocrx_word' id='word_1_88' title='bbox 1103 2658 1276 2720; x_wconf 89' lang='lat' dir='ltr'>litavit</span> <span class='ocrx_word' id='word_1_89' title='bbox 1317 2664 1579 2732; x_wconf 86' lang='lat' dir='ltr'>hostiam.</span> 
     </span>
    </p>
   </div>
   <div class='ocr_carea' id='block_1_13' title="bbox 842 2810 1706 3066">
    <p class='ocr_par' dir='ltr' id='par_1_15' title="bbox 842 2810 1706 3066">
     <span class='ocr_line' id='line_1_24' title="bbox 846 2810 1579 2894; baseline 0.038 -29"><span class='ocrx_word' id='word_1_90' title='bbox 846 2810 1021 2872; x_wconf 85' lang='lat' dir='ltr'>Venis</span> <span class='ocrx_word' id='word_1_91' title='bbox 1063 2826 1271 2894; x_wconf 85' lang='lat' dir='ltr'>apertis</span> <span class='ocrx_word' id='word_1_92' title='bbox 1313 2833 1579 2894; x_wconf 90' lang='lat' dir='ltr'>omnibus</span> 
     </span>
     <span class='ocr_line' id='line_1_25' title="bbox 842 2890 1706 2992; baseline 0.037 -45"><span class='ocrx_word' id='word_1_93' title='bbox 842 2890 958 2963; x_wconf 85' lang='lat' dir='ltr'>Qui</span> <span class='ocrx_word' id='word_1_94' title='bbox 1001 2900 1166 2961; x_wconf 87' lang='lat' dir='ltr'>vellet</span> <span class='ocrx_word' id='word_1_95' title='bbox 1205 2907 1350 2967; x_wconf 89' lang='lat' dir='ltr'>ultro</span> <span class='ocrx_word' id='word_1_96' title='bbox 1391 2930 1706 2992; x_wconf 85' lang='lat' dir='ltr'>erumpere,</span> 
     </span>
     <span class='ocr_line' id='line_1_26' title="bbox 842 2973 1536 3066; baseline 0.036 -38"><span class='ocrx_word' id='word_1_97' title='bbox 842 2973 1154 3042; x_wconf 87' lang='lat' dir='ltr'>Fraudatus</span> <span class='ocrx_word' id='word_1_98' title='bbox 1198 2999 1391 3063; x_wconf 88' lang='lat' dir='ltr'>optata</span> <span class='ocrx_word' id='word_1_99' title='bbox 1433 2996 1536 3066; x_wconf 87' lang='lat' dir='ltr'>via,</span> 
     </span>
    </p>
   </div>
   <div class='ocr_carea' id='block_1_14' title="bbox 840 3054 1654 3140">
    <p class='ocr_par' dir='ltr' id='par_1_16' title="bbox 840 3054 1654 3140">
     <span class='ocr_line' id='line_1_27' title="bbox 840 3054 1654 3140; baseline 0.037 -29"><span class='ocrx_word' id='word_1_100' title='bbox 840 3054 890 3113; x_wconf 91' lang='lat' dir='ltr'>It</span> <span class='ocrx_word' id='word_1_101' title='bbox 933 3057 1091 3121; x_wconf 89' lang='lat' dir='ltr'>fusus</span> <span class='ocrx_word' id='word_1_102' title='bbox 1134 3067 1193 3125; x_wconf 91' lang='lat' dir='ltr'>in</span> <span class='ocrx_word' id='word_1_103' title='bbox 1235 3069 1430 3134; x_wconf 87' lang='lat' dir='ltr'>fletum</span> <span class='ocrx_word' id='word_1_104' title='bbox 1473 3096 1654 3140; x_wconf 89' lang='lat' dir='ltr'>cruor.</span> 
     </span>
    </p>
   </div>
   <div class='ocr_carea' id='block_1_15' title="bbox 2116 2864 2123 3731">
    <p class='ocr_par' dir='ltr' id='par_1_17' title="bbox 2116 2864 2123 3731">
     <span class='ocr_line' id='line_1_28' title="bbox 2116 2864 2123 3731; baseline 0 0"><span class='ocrx_word' id='word_1_105' title='bbox 2116 2864 2123 3731; x_wconf 95' lang='lat' dir='ltr'> </span> 
     </span>
    </p>
   </div>
  </div>
 </body>
</html>
