2150 3800
506 255 702 317 NcHiv.
747 255 810 316 S.
839 255 1100 333 soanmlr.

132 421 280 493 Qui
324 431 480 479 creat
520 423 817 485 mundum,
862 420 933 478 sit
975 419 1164 478 honos
1206 419 1465 478 Parenti:

131 503 316 561 Laus
359 504 461 561 tibi
501 521 754 579 compar,
798 501 1118 577 Reparator
1158 502 1346 560 orbis:

133 586 403 661 Aequus
445 585 748 643 amborum
790 584 862 642 sit
901 582 1090 642 honos
1132 602 1233 660 per
1273 601 1448 642 omne

326 666 592 742 Tempus
634 664 852 724 Amori.

605 1031 696 1075 AD
738 1031 1005 1076 LAUDES.

143 1234 334 1292 Nunc
377 1234 494 1292 suis
535 1234 767 1293 tandem
810 1254 993 1295 novus
1036 1254 1069 1293 e
1111 1234 1343 1292 latebris

143 1316 357 1374 Prodit
398 1316 569 1386 Elias,
611 1316 954 1394 populisque
996 1316 1290 1375 Christum

144 1398 404 1467 Clamat,
448 1399 801 1474 exprobrans
846 1417 951 1458 sua
990 1398 1279 1474 viperinae

320 1479 577 1538 Crimina
616 1480 781 1556 proli.

145 1642 266 1700 Ena
291 1641 454 1700 Deus
492 1642 684 1717 judex,
726 1642 890 1701 Deus
931 1660 1005 1699 en
1045 1642 1393 1718 propinquat

147 1723 458 1781 Ventilans
500 1724 724 1799 fruges:
776 1724 997 1799 superis
1039 1724 1313 1782 recondet

149 1805 439 1862 Triticum
481 1806 651 1871 cellis,
694 1806 1003 1881 paleasque
1047 1806 1205 1863 diros

325 1885 542 1946 Tradet
583 1887 641 1945 in
685 1888 865 1964 ignes.

152 2049 352 2124 Hujus
395 2050 656 2120 adventu,
700 2050 947 2125 rigidum
988 2051 1219 2125 superbi

153 2130 500 2205 Deprimant
540 2143 768 2191 montes
811 2142 1014 2207 caput;
1061 2132 1353 2207 erigantur

153 2212 408 2270 Vallium
448 2215 665 2288 passim
707 2232 876 2273 cava:
923 2213 1277 2288 corrigantur

340 2295 521 2353 Prava
560 2297 793 2354 viarum.

154 2462 364 2519 Sancte
406 2476 756 2534 praecursor,
800 2459 931 2516 date
973 2475 1187 2532 praeco
1227 2456 1388 2525 lucis,

154 2542 381 2601 Excitet
424 2558 631 2598 somno
671 2550 770 2598 tua
810 2558 921 2598 vox
965 2540 1205 2609 inertes;

155 2623 234 2681 Ut
275 2641 479 2698 graves
520 2622 657 2679 olim
699 2622 985 2698 fugiamus
1027 2622 1184 2695 Agni

316 2704 575 2762 Vindicis
617 2704 744 2762 iras,

159 2868 397 2924 Sum'ma
437 2867 560 2924 laus
602 2865 770 2936 Patri,
813 2866 1124 2941 genitoque
1166 2863 1400 2921 Verbo:

160 2949 396 3025 Aequus
439 2949 740 3005 amborum
784 2949 855 3006 sit
897 2947 1085 3004 honos
1127 2945 1347 3009 Amori,

157 3029 270 3100 Qui
313 3047 540 3088 sacrum
583 3028 793 3088 Christi
834 3028 1092 3105 pugilem
1132 3035 1397 3103 potenter

315 3111 497 3187 Ungit
538 3120 596 3169 et
636 3120 836 3170 armat.

1490 273 1601 328 125
