2150 3800
435 274 532 341 396
754 273 759 288 ·
1094 276 1362 325 ΙΝΒΕΧ.

436 432 522 485 Da,
543 429 726 488 Christe,
749 446 828 479 nos
849 440 994 479 tecum
1014 433 1130 480 mori

435 512 601 559 Debilis
620 521 781 560 cessent
796 514 1010 560 elementa
1029 513 1136 577 legis

434 595 520 640 Dei
541 609 742 641 muamus
760 595 988 659 gloriam.

433 677 658 724 Descende
676 676 830 724 coelo,
862 687 908 724 te
930 676 1121 724 Michael
1142 684 1268 725 vemt

432 759 520 806 Die
539 760 705 806 dierum
725 760 914 820 principe
970 794 982 806 .
1120 799 1128 807 .

431 842 598 905 Dignas
618 842 724 903 quis,
743 842 788 889 Ο
813 843 945 896 Deus,
965 842 1044 888 tibi
1121 878 1132 888 .

433 923 609 979 Divine,
631 924 855 979 ambas,
876 923 990 971 Puer

434 1005 736 1052 Doxomoms
836 1039 848 1051 .

434 1085 572 1140 Dum,
592 1086 777 1140 Christe,
797 1086 1117 1133 oonfimerud

436 1169 719 1215 Dummorte
741 1168 875 1214 victor
896 1170 1047 1215 obruta
1121 1203 1133 1214 .

328 1309 333 1312 v
435 1250 1129 1315 Dumspargitaramsanguine.

433 1375 557 1429 Eooe,
580 1375 764 1421 saltantis
784 1374 972 1436 pretium
993 1374 1159 1434 puellae

414 1458 545 1504 Ecce
564 1458 681 1503 sedes
701 1456 773 1528 hic
792 1456 1006 1503 Tonantis

433 1538 628 1603 Emergit
649 1539 785 1592 undis,
806 1546 851 1584 et
873 1539 974 1585 Deo

432 1619 548 1666 Exiit
567 1620 686 1666 cunis
704 1619 910 1680 pretiosus
931 1619 1072 1665 infans
1121 1654 1133 1666 .

433 1703 501 1749 Ex
520 1718 621 1765 quo,
640 1703 748 1750 salus
768 1702 1016 1749 mortalium
1120 1739 1129 1748 .

436 1825 536 1880 Fac,
559 1824 744 1881 Christe,
767 1811 898 1876 nostri
920 1824 1056 1888 gratia
1124 1859 1135 1871 .

436 1909 586 1955 Fando
608 1909 700 1970 quis
721 1909 897 1965 audivit,
921 1909 1006 1954 Dei

433 1990 593 2038 Felices
612 2003 841 2037 nemorum
862 1990 1091 2053 pangimus
1116 1990 1272 2037 incolas

434 2074 554 2120 Felix
574 2073 666 2121 dies
686 2073 934 2120 mortalibus
971 2107 984 2119 .
1119 2109 1130 2120 .

434 2155 557 2202 Felix
577 2155 682 2212 dies,
704 2169 835 2215 quam
857 2153 1031 2216 proprio
1122 2189 1134 2200 .

432 2237 556 2285 Felix
575 2246 715 2284 morte
738 2245 826 2294 tua,
848 2236 927 2296 qui.
942 2236 1190 2283 cruciatibus
1270 2272 1281 2283 .

396 2324 401 2329 ’
431 2319 631 2383 Flagrans
652 2333 815 2373 amore,
836 2318 1024 2380 perditos
1119 2353 1131 2364 .

434 2401 579 2448 Fortes
599 2401 791 2448 oedendo
813 2401 1025 2461 Martyres
1127 2437 1139 2448 .

434 2482 552 2529 Forti
572 2491 745 2546 tegente
765 2483 940 2530 brachio
960 2518 970 2530 .
1123 2516 1135 2528 .
1269 2517 1280 2528 .

434 2563 620 2609 Fumant
641 2563 808 2611 Sabaeis
827 2563 987 2624 templa
1009 2563 1235 2624 vapon'bus
1271 2598 1283 2610 .

435 2689 602 2742 Grates,
624 2695 794 2749 peracto
809 2688 902 2748 jam
924 2688 996 2734 die

436 2813 557 2860 Haec
576 2811 645 2858 illa
664 2812 863 2859 solemnis
883 2812 974 2858 dies

435 2897 548 2951 Hoc,
565 2897 676 2956 jussa
697 2895 915 2957 quondam
937 2894 1177 2953 rumpimus
1269 2931 1278 2940 .

435 2977 596 3025 Horres
615 2978 828 3037 superbos,
848 2990 929 3022 nec
950 2983 1068 3022 tuam
1122 3009 1133 3021 .

436 3059 537 3106 Huc
556 3073 631 3105 vos
651 3073 681 3104 o
701 3057 871 3105 miseri:
905 3057 1028 3104 surda
1047 3056 1273 3117 relinquite

436 3140 625 3201 Hymnis
645 3140 753 3185 dum
774 3149 942 3186 resonat
962 3139 1075 3185 curia
1097 3137 1320 3186 Coclitum
1412 3173 1424 3185 .
