2150 3800
394 222 482 281 In
525 219 970 281 Praesentatzb'ne
984 233 991 238 ’
1006 221 1086 282 B.
1129 221 1378 282 Mariae.

193 389 315 446 Sic
368 405 586 446 aurora
623 383 760 444 novi
800 385 1000 444 nuntia
1038 384 1286 460 IumiRIS,

202 470 438 527 Primo
480 487 654 526 mane
697 468 832 526 latet
848 505 853 510 -
872 467 1125 527 nubibus
1168 471 1386 541 obsita;

401 550 551 608 Mox
587 550 777 608 solem
817 550 1085 624 paritura,

401 632 648 689 Plenum
691 632 791 707 qui
829 630 1036 690 referat
1078 631 1250 691 diem.

208 793 333 853 Sol
383 795 445 852 in
488 794 744 870 virgineo
784 802 1019 870 pectore
1057 794 1304 870 praeviis

212 878 529 934 Ardorem
570 876 740 934 radiis
780 875 1015 934 suscitat
1056 876 1321 934 inti-mum
1337 896 1356 934 t

400 957 543 1015 Hoc
585 956 871 1015 foecunda
912 958 1099 1015 calore

401 1038 604 1097 Virtus
644 1039 813 1097 insita
851 1039 1152 1114 germinat.

224 1202 314 1259 Ut
356 1202 471 1258 fert
510 1199 698 1276 prima
738 1199 902 1260 novis
943 1217 1184 1260 munera
1225 1201 1520 1261 frondibus

222 1284 434 1341 Arbos
476 1283 700 1358 irrigui
692 1283 884 1341 fontis
926 1283 985 1340 in
1025 1284 1224 1355 λίνεος

401 1364 677 1423 Fructum
718 1364 902 1440 Virgo
940 1364 1161 1436 datura,

406 1446 548 1505 Sese
590 1445 826 1505 floribus
867 1445 1064 1505 induit.

229 1608 325 1665 Sit
369 1623 640 1684 suprema
679 1605 782 1665 tibi
822 1598 1020 1684 glena„
1060 1605 1350 1682 Trinitas.,

229 1690 380 1760 Quo
420 1689 605 1765 Virgo
645 1699 902 1748 teneram
943 1705 1007 1749 se
1047 1701 1215 1749 vovet
1255 1655 1519 1761 hostiam,

403 1771 539 1829 Puri
579 1771 818 1829 Flamen
846 1771 1089 1844 amoriS,

401 1852 520 1911 Fac
560 1870 669 1912 nos
705 1854 828 1930 jam
870 1853 971 1912 tibi
1011 1853 1215 1912 vivere-

672 2197 766 2240 AD
805 2196 1077 2254 munes·

397 2398 457 2458 Ο
495 2408 695 2458 sancte
732 2399 1082 2458 Sanctorum
1123 2400 1301 2473 Deus,

398 2480 597 2552 Quam
638 2499 783 2556 pura
821 2499 953 2540 sese
995 2482 1235 2542 devovet

402 2561 607 2637 Ignota
647 2564 840 2639 prisco
881 2561 1114 2634 foederi,

400 2643 564 2702 Tuas
607 2645 688 2702 ad
722 2662 851 2703 aras
892 2643 1117 2703 hostia!

396 2805 605 2864 Afflata
644 2825 792 2883 puro
833 2806 1105 2880 Numine,

401 2887 637 2948 Taedas
676 2889 903 2965 jugales
944 2907 1221 2965 respuens

401 2967 604 3041 Maria,
647 2971 835 3029 vinclo
874 2973 1127 3046 perpetis

400 3050 478 3108 Se
520 3052 792 3111 castitatis
832 3053 1066 3128 obligat.

1578 227 1686 298 165
1755 251 1761 260 =
