2150 3800
530 259 639 325 146

959 251 1044 310 In
1083 251 1286 312 Dec-oa.
1329 252 1393 313 S.
1422 253 1681 331 soanmlr.

688 416 771 474 Sit
813 433 1040 474 summa
1083 415 1250 486 Patri,
1295 433 1636 495 summaque
1678 419 1850 491 Filio,

690 498 1017 573 Sanctoque
1059 515 1301 572 compar
1339 498 1522 573 gloria
1562 500 1846 560 Flamini:

690 579 931 638 Sanctae
972 579 1199 637 litemus
1241 579 1508 640 Trinitati

687 659 970 736 Perpetuo
1009 660 1108 736 pia
1147 661 1324 719 corda
1364 662 1535 721 cultu.

1127 1030 1218 1074 AD
1264 1031 1531 1076 LAUDES.

690 1216 860 1287 Ecce,
904 1216 1158 1276 saltantis
1199 1217 1444 1292 pretium
1485 1218 1723 1294 puellae,

694 1298 892 1362 Fertur
934 1299 992 1355 in
1034 1298 1197 1357 disco
1239 1309 1410 1373 caput
1452 1310 1845 1374 amputatum:

693 1378 859 1437 Haec
901 1379 1205 1437 cruentatis
1246 1397 1395 1438 nova
1434 1380 1797 1455 proferuntur

856 1460 1095 1518 Fercula
1136 1461 1365 1518 mensis.

698 1607 866 1698 Quae
908 1623 1078 1681 rudes
1121 1622 1289 1697 sylvis
1332 1622 1580 1698 populos
1622 1624 1882 1696 docebat,

695 1707 862 1778 Quae
903 1703 1098 1762 Deum
1140 1714 1261 1762 tota
1299 1705 1606 1763 resonabat
1646 1706 1791 1776 aula,

693 1788 798 1845 Illa
838 1805 966 1857 vox,
1009 1785 1188 1843 eheu!
1239 1785 1432 1860 gladio
1472 1796 1707 1857 resecta,

857 1867 1023 1926 Muta
1064 1867 1267 1926 silebit.

697 2031 922 2089 Occidit
963 2029 1161 2101 Vates,
1205 2041 1262 2089 et
1303 2030 1491 2089 adhuc
1534 2031 1776 2101 timetur,

698 2111 830 2170 Vox
874 2113 998 2171 silet
1038 2113 1212 2181 verbi,
1256 2130 1424 2170 cruor
1465 2113 1556 2171 ille
1597 2112 1837 2171 clamat:

702 2193 911 2251 Sancta
951 2193 1178 2251 fraterni
1221 2203 1495 2253 temerata
1536 2195 1716 2269 carpit

858 2274 1118 2332 Foedera
1158 2275 1304 2333 lecti.

701 2437 873 2497 Nube
916 2438 1023 2495 sub
1066 2437 1246 2496 densa
1282 2438 1449 2512 jubar
1490 2437 1803 2497 involutum

703 2518 955 2578 Venerat
995 2519 1181 2577 caecis
1223 2519 1442 2593 aperire
1484 2519 1685 2578 seclis:

703 2601 835 2659 Sole
877 2611 1117 2669 maturo,
1162 2599 1311 2657 velut
1352 2601 1571 2670 umbra,
1615 2601 1783 2659 cessit

862 2679 1090 2739 Lucifer
1131 2678 1293 2738 Orbi.

702 2844 940 2902 Summa
979 2842 1103 2901 laus
1146 2842 1313 2913 Patri,
1356 2844 1664 2917 genitoque
1704 2842 1924 2900 Verbo:

701 2925 776 2982 Et
816 2924 915 2982 tibi
958 2943 1212 3000 compar,
1255 2925 1546 3000 utriusque
1587 2942 1769 2982 nexus

704 3006 941 3081 Spiritus
984 3024 1227 3081 semper,
1270 3005 1431 3064 Deus
1472 3023 1620 3064 unus
1662 3005 1819 3063 omni

864 3087 1174 3163 Temporis
1215 3105 1373 3147 aev0.
