2150 3800
449 251 564 321 284
783 246 861 305 In
900 245 970 303 F
959 252 1062 306 esto
1101 246 1219 307 SS.
1248 246 1419 305 Petri
1452 254 1505 305 et
1537 249 1737 308 Pauli.
1783 236 1798 243 ⁹

610 408 772 465 Serta
811 417 896 465 ter
938 406 1102 466 denis
1143 407 1287 466 alios
1330 417 1609 465 coronant

606 490 796 547 Aucta
837 490 1158 559 crementiS‚
1201 489 1490 564 duplicata
1531 490 1872 565 quosdam3

607 569 790 628 Trina
830 581 886 629 te
927 571 1115 631 fructu
1155 570 1446 629 cumulata
1486 581 1723 629 centurn

770 652 1033 712 Nexibus
1073 652 1342 711 ornant.*

610 812 907 874 Laudibus
951 812 1104 874 cives
1149 815 1438 877 celebrent
1481 812 1736 890 superni,

606 894 697 953 Te
740 895 902 954 Deus
945 896 1209 972 simplex,
1252 896 1580 973 pariterque
1623 897 1788 967 trine,

606 977 907 1054 Supplices
950 987 1008 1035 et
1048 995 1159 1036 nos
1204 978 1435 1037 veniam
1475 996 1826 1053 precamur:

767 1054 947 1118 Parce
987 1059 1318 1137 redemptis.

630 1346 717 1403 IN
764 1344 1031 1405 FESTO
1079 1345 1181 1405 SS.
1225 1346 1864 1407 APOSTOLORUM

885 1467 1137 1527 PETRI
1178 1469 1290 1527 ET
1334 1468 1600 1528 PAULI.

1012 1670 1104 1712 AD
1149 1669 1472 1714 VESPERAS.

602 1809 834 1868 Decora
874 1810 972 1868 lux
1013 1809 1399 1882 Aeternitatis‚
1445 1826 1677 1869 auream

603 1891 776 1951 Diem
819 1892 1001 1951 beatis
1043 1892 1293 1968 irrigavit
1335 1892 1580 1968 ignibus,

602 1975 1020 2050 Apostolorum
1062 1992 1212 2050 quae
1256 1984 1494 2033 coronat
1535 1976 1844 2051 principeS‚

604 2056 858 2132 Reisque
901 2056 963 2112 in
1004 2065 1157 2114 astra
1197 2055 1438 2114 liberam
1478 2056 1678 2131 pandit
1721 2058 1891 2116 viam.

606 2218 812 2275 Mundi
853 2218 1145 2293 magister,
1189 2227 1363 2294 atque
1406 2219 1552 2277 coeli
1590 2211 1823 2295 janitor,

603 2298 830 2357 Romae
872 2309 1156 2374 parentes,
1199 2299 1509 2375 arbitrique
1550 2301 1833 2376 gentium,

603 2381 712 2438 Per
754 2380 907 2440 ensis
950 2380 1058 2452 ille,
1102 2380 1196 2439 hic
1237 2398 1342 2456 per
1384 2382 1567 2441 crucis
1610 2382 1791 2442 victor
1834 2401 2046 2441 necem

599 2461 768 2521 Vitae
811 2471 1074 2520 senatum
1115 2462 1351 2525 laureati
1391 2464 1712 2538 possident.

707 2596 736 2625 ²*
760 2593 891 2639 Nunc
920 2600 1074 2654 potens
1106 2593 1238 2640 nostri
1270 2593 1434 2640 meritis
1464 2595 1621 2654 opimis

753 2658 941 2705 Pectoris
961 2659 1088 2705 duros
1119 2658 1283 2720 lapides
1305 2659 1473 2713 revelle,

753 2725 967 2785 Asperum
998 2724 1177 2784 planans
1207 2724 1306 2779 iter,
1338 2732 1384 2771 et
1415 2724 1596 2771 reflexos

884 2787 1036 2853 Dirige
1068 2789 1206 2836 mlles.

751 2921 816 2967 Ut
846 2920 940 2981 pius
971 2920 1125 2967 mundi
1158 2920 1281 2967 Sator
1313 2929 1358 2967 et
1390 2921 1678 2982 Redemptor,

751 2984 974 3033 Mentibus
1005 2987 1154 3046 culpae
1187 2986 1280 3033 sine
1313 2987 1409 3033 labe
1441 2986 1570 3048 puris,

750 3052 856 3100 Rite
887 3052 1089 3115 dignetur
1120 3051 1298 3098 veniens
1329 3053 1473 3099 beatos

882 3117 1051 3164 Ponere
1084 3115 1262 3181 gressus.
