<?xml version="1.0" encoding="UTF-8"?>
<!DOCTYPE html PUBLIC "-//W3C//DTD XHTML 1.0 Transitional//EN"
    "http://www.w3.org/TR/xhtml1/DTD/xhtml1-transitional.dtd">
<html xmlns="http://www.w3.org/1999/xhtml" xml:lang="en" lang="en">
 <head>
  <title>
</title>
<meta http-equiv="Content-Type" content="text/html;charset=utf-8" />
  <meta name='ocr-system' content='tesseract 3.04.00' />
  <meta name='ocr-capabilities' content='ocr_page ocr_carea ocr_par ocr_line ocrx_word'/>
</head>
<body>
  <div class='ocr_page' id='page_1' title='image "./hymniecclesiae00unkngoog_0244.png"; bbox 0 0 2150 3800; ppageno 0'>
   <div class='ocr_carea' id='block_1_1' title="bbox 984 356 1466 405">
    <p class='ocr_par' dir='ltr' id='par_1_1' title="bbox 984 356 1466 405">
     <span class='ocr_line' id='line_1_1' title="bbox 984 356 1466 405; baseline -0.006 0"><span class='ocrx_word' id='word_1_1' title='bbox 984 357 1296 405; x_wconf 78' lang='lat' dir='ltr'><em>PRAEFA</em></span> <span class='ocrx_word' id='word_1_2' title='bbox 1317 356 1466 403; x_wconf 88' lang='lat' dir='ltr'><em>TIO.</em></span> 
     </span>
    </p>
   </div>
   <div class='ocr_carea' id='block_1_2' title="bbox 2027 14 2137 3725">
    <p class='ocr_par' dir='ltr' id='par_1_2' title="bbox 2027 14 2137 3725">
     <span class='ocr_line' id='line_1_2' title="bbox 2027 14 2137 3725; baseline 0 -3221"><span class='ocrx_word' id='word_1_3' title='bbox 2027 14 2137 3725; x_wconf 95' lang='lat' dir='ltr'><strong>   </strong></span> 
     </span>
    </p>
   </div>
   <div class='ocr_carea' id='block_1_3' title="bbox 426 535 2061 3076">
    <p class='ocr_par' dir='ltr' id='par_1_3' title="bbox 426 535 2061 1465">
     <span class='ocr_line' id='line_1_3' title="bbox 426 535 2036 598; baseline -0.002 -16"><span class='ocrx_word' id='word_1_4' title='bbox 426 538 605 592; x_wconf 83' lang='lat' dir='ltr'><strong>nostris,</strong></span> <span class='ocrx_word' id='word_1_5' title='bbox 629 538 721 597; x_wconf 88' lang='lat' dir='ltr'><strong>qui,</strong></span> <span class='ocrx_word' id='word_1_6' title='bbox 745 552 884 584; x_wconf 86' lang='lat' dir='ltr'><strong>caeco</strong></span> <span class='ocrx_word' id='word_1_7' title='bbox 918 538 1119 598; x_wconf 86' lang='lat' dir='ltr'><strong>quodam</strong></span> <span class='ocrx_word' id='word_1_8' title='bbox 1152 535 1515 590; x_wconf 76' lang='lat' dir='ltr'>reformationis,</span> <span class='ocrx_word' id='word_1_9' title='bbox 1540 550 1699 595; x_wconf 84' lang='lat' dir='ltr'><strong>quam</strong></span> <span class='ocrx_word' id='word_1_10' title='bbox 1723 544 1893 588; x_wconf 74' lang='lat' dir='ltr'><strong>vomat,</strong></span> <span class='ocrx_word' id='word_1_11' title='bbox 1911 542 2036 578; x_wconf 75' lang='lat' dir='ltr'><strong>aestr-</strong></span> 
     </span>
     <span class='ocr_line' id='line_1_4' title="bbox 431 663 2048 726; baseline -0.003 -15"><span class='ocrx_word' id='word_1_12' title='bbox 431 667 477 711; x_wconf 91' lang='lat' dir='ltr'><strong>in</strong></span> <span class='ocrx_word' id='word_1_13' title='bbox 500 665 697 712; x_wconf 78' lang='lat' dir='ltr'>Ecclesia</span> <span class='ocrx_word' id='word_1_14' title='bbox 732 667 899 726; x_wconf 87' lang='lat' dir='ltr'><strong>passim</strong></span> <span class='ocrx_word' id='word_1_15' title='bbox 934 668 1152 720; x_wconf 84' lang='lat' dir='ltr'><strong>fervente,</strong></span> <span class='ocrx_word' id='word_1_16' title='bbox 1175 680 1201 710; x_wconf 92' lang='lat' dir='ltr'><strong>e</strong></span> <span class='ocrx_word' id='word_1_17' title='bbox 1223 663 1523 726; x_wconf 81' lang='lat' dir='ltr'><strong>religionibus</strong></span> <span class='ocrx_word' id='word_1_18' title='bbox 1558 664 1676 718; x_wconf 87' lang='lat' dir='ltr'><strong>suis,</strong></span> <span class='ocrx_word' id='word_1_19' title='bbox 1702 679 1802 709; x_wconf 88' lang='lat' dir='ltr'><strong>non</strong></span> <span class='ocrx_word' id='word_1_20' title='bbox 1832 677 1938 722; x_wconf 80' lang='lat' dir='ltr'><strong>quae</strong></span> <span class='ocrx_word' id='word_1_21' title='bbox 1975 675 2048 705; x_wconf 77' lang='lat' dir='ltr'><strong>ex·</strong></span> 
     </span>
     <span class='ocr_line' id='line_1_5' title="bbox 428 787 2047 848; baseline -0.001 -15"><span class='ocrx_word' id='word_1_22' title='bbox 428 797 631 833; x_wconf 90' lang='lat' dir='ltr'><strong>terorum</strong></span> <span class='ocrx_word' id='word_1_23' title='bbox 672 789 870 835; x_wconf 85' lang='lat' dir='ltr'><strong>studium</strong></span> <span class='ocrx_word' id='word_1_24' title='bbox 912 798 1135 848; x_wconf 89' lang='lat' dir='ltr'><strong>posceret,</strong></span> <span class='ocrx_word' id='word_1_25' title='bbox 1169 789 1247 835; x_wconf 88' lang='lat' dir='ltr'><strong>sed</strong></span> <span class='ocrx_word' id='word_1_26' title='bbox 1287 803 1404 848; x_wconf 91' lang='lat' dir='ltr'><strong>quae</strong></span> <span class='ocrx_word' id='word_1_27' title='bbox 1445 789 1517 834; x_wconf 79' lang='lat' dir='ltr'><strong>vis</strong></span> <span class='ocrx_word' id='word_1_28' title='bbox 1561 797 1884 848; x_wconf 82' lang='lat' dir='ltr'><strong>extorqueret,</strong></span> <span class='ocrx_word' id='word_1_29' title='bbox 1909 787 2047 831; x_wconf 71' lang='lat' dir='ltr'><strong>missa</strong></span> 
     </span>
     <span class='ocr_line' id='line_1_6' title="bbox 430 911 2054 971; baseline 0.002 -17"><span class='ocrx_word' id='word_1_30' title='bbox 430 911 665 964; x_wconf 73' lang='lat' dir='ltr'><strong>fecerunt:</strong></span> <span class='ocrx_word' id='word_1_31' title='bbox 717 928 742 957; x_wconf 91' lang='lat' dir='ltr'><strong>a</strong></span> <span class='ocrx_word' id='word_1_32' title='bbox 789 913 1017 958; x_wconf 86' lang='lat' dir='ltr'><strong>malesana</strong></span> <span class='ocrx_word' id='word_1_33' title='bbox 1059 911 1346 971; x_wconf 82' lang='lat' dir='ltr'>philosophia</span> <span class='ocrx_word' id='word_1_34' title='bbox 1386 912 1824 970; x_wconf 81' lang='lat' dir='ltr'><strong>ereptis‘caeteris‚</strong></span> <span class='ocrx_word' id='word_1_35' title='bbox 1861 927 1908 957; x_wconf 79' lang='lat' dir='ltr'><strong>ea</strong></span> <span class='ocrx_word' id='word_1_36' title='bbox 1947 924 2054 953; x_wconf 73' lang='lat' dir='ltr'><strong>om-</strong></span> 
     </span>
     <span class='ocr_line' id='line_1_7' title="bbox 429 1034 2057 1095; baseline -0.001 -17"><span class='ocrx_word' id='word_1_37' title='bbox 429 1034 647 1088; x_wconf 85' lang='lat' dir='ltr'><strong>cedendo‚</strong></span> <span class='ocrx_word' id='word_1_38' title='bbox 684 1049 800 1093; x_wconf 86' lang='lat' dir='ltr'><strong>quae</strong></span> <span class='ocrx_word' id='word_1_39' title='bbox 840 1035 1133 1080; x_wconf 81' lang='lat' dir='ltr'><strong>sanctitatem</strong></span> <span class='ocrx_word' id='word_1_40' title='bbox 1172 1035 1304 1093; x_wconf 88' lang='lat' dir='ltr'><strong>plane</strong></span> <span class='ocrx_word' id='word_1_41' title='bbox 1344 1035 1535 1090; x_wconf 90' lang='lat' dir='ltr'><strong>nullam,</strong></span> <span class='ocrx_word' id='word_1_42' title='bbox 1579 1051 1757 1095; x_wconf 87' lang='lat' dir='ltr'><strong>parem</strong></span> <span class='ocrx_word' id='word_1_43' title='bbox 1801 1046 1953 1082; x_wconf 84' lang='lat' dir='ltr'><strong>autem</strong></span> <span class='ocrx_word' id='word_1_44' title='bbox 1995 1034 2057 1077; x_wconf 62' lang='lat' dir='ltr'><strong>ire—</strong></span> 
     </span>
     <span class='ocr_line' id='line_1_8' title="bbox 433 1158 2056 1219; baseline 0.002 -17"><span class='ocrx_word' id='word_1_45' title='bbox 433 1158 601 1203; x_wconf 78' lang='lat' dir='ltr'><strong>vidiam</strong></span> <span class='ocrx_word' id='word_1_46' title='bbox 648 1158 881 1204; x_wconf 85' lang='lat' dir='ltr'><strong>haberent.</strong></span> <span class='ocrx_word' id='word_1_47' title='bbox 956 1159 1077 1204; x_wconf 86' lang='lat' dir='ltr'><strong>Hinc</strong></span> <span class='ocrx_word' id='word_1_48' title='bbox 1119 1159 1195 1214; x_wconf 90' lang='lat' dir='ltr'><strong>illi,</strong></span> <span class='ocrx_word' id='word_1_49' title='bbox 1235 1160 1397 1219; x_wconf 91' lang='lat' dir='ltr'><strong>quibus</strong></span> <span class='ocrx_word' id='word_1_50' title='bbox 1436 1174 1562 1205; x_wconf 86' lang='lat' dir='ltr'><strong>nunc</strong></span> <span class='ocrx_word' id='word_1_51' title='bbox 1612 1161 1818 1214; x_wconf 86' lang='lat' dir='ltr'><strong>utimur,</strong></span> <span class='ocrx_word' id='word_1_52' title='bbox 1858 1161 1970 1206; x_wconf 85' lang='lat' dir='ltr'><strong>ritus</strong></span> <span class='ocrx_word' id='word_1_53' title='bbox 2015 1169 2056 1201; x_wconf 77' lang='lat' dir='ltr'><strong>et</strong></span> 
     </span>
     <span class='ocr_line' id='line_1_9' title="bbox 432 1279 2061 1338; baseline -0.001 -14"><span class='ocrx_word' id='word_1_54' title='bbox 432 1280 775 1335; x_wconf 86' lang='lat' dir='ltr'><strong>caeremoniae;</strong></span> <span class='ocrx_word' id='word_1_55' title='bbox 810 1280 916 1325; x_wconf 88' lang='lat' dir='ltr'><strong>hinc</strong></span> <span class='ocrx_word' id='word_1_56' title='bbox 939 1293 1090 1325; x_wconf 87' lang='lat' dir='ltr'><strong>rerum</strong></span> <span class='ocrx_word' id='word_1_57' title='bbox 1114 1280 1368 1325; x_wconf 86' lang='lat' dir='ltr'><strong>divinarum</strong></span> <span class='ocrx_word' id='word_1_58' title='bbox 1391 1279 1539 1334; x_wconf 90' lang='lat' dir='ltr'><strong>ordo;</strong></span> <span class='ocrx_word' id='word_1_59' title='bbox 1577 1279 1693 1324; x_wconf 89' lang='lat' dir='ltr'><strong>hinc</strong></span> <span class='ocrx_word' id='word_1_60' title='bbox 1719 1289 1771 1325; x_wconf 92' lang='lat' dir='ltr'><strong>et</strong></span> <span class='ocrx_word' id='word_1_61' title='bbox 1798 1279 2061 1338; x_wconf 68' lang='lat' dir='ltr'><strong>disciplinae</strong></span> 
     </span>
     <span class='ocr_line' id='line_1_10' title="bbox 430 1404 1556 1465; baseline 0.001 -16"><span class='ocrx_word' id='word_1_62' title='bbox 430 1413 612 1449; x_wconf 86' lang='lat' dir='ltr'><strong>nostrae</strong></span> <span class='ocrx_word' id='word_1_63' title='bbox 637 1405 782 1450; x_wconf 88' lang='lat' dir='ltr'><strong>forma</strong></span> <span class='ocrx_word' id='word_1_64' title='bbox 807 1413 853 1449; x_wconf 88' lang='lat' dir='ltr'><strong>et</strong></span> <span class='ocrx_word' id='word_1_65' title='bbox 877 1404 1039 1465; x_wconf 90' lang='lat' dir='ltr'><strong>agendi</strong></span> <span class='ocrx_word' id='word_1_66' title='bbox 1064 1404 1183 1449; x_wconf 89' lang='lat' dir='ltr'><strong>ratio</strong></span> <span class='ocrx_word' id='word_1_67' title='bbox 1206 1404 1448 1464; x_wconf 87' lang='lat' dir='ltr'><strong>repetenda</strong></span> <span class='ocrx_word' id='word_1_68' title='bbox 1472 1411 1556 1450; x_wconf 87' lang='lat' dir='ltr'><strong>est.</strong></span> 
     </span>
    </p>

    <p class='ocr_par' dir='ltr' id='par_1_4' title="bbox 434 1525 2056 2704">
     <span class='ocr_line' id='line_1_11' title="bbox 504 1525 2052 1589; baseline 0.001 -19"><span class='ocrx_word' id='word_1_69' title='bbox 504 1526 643 1581; x_wconf 90' lang='lat' dir='ltr'><strong>Quod</strong></span> <span class='ocrx_word' id='word_1_70' title='bbox 685 1526 718 1571; x_wconf 90' lang='lat' dir='ltr'><strong>si</strong></span> <span class='ocrx_word' id='word_1_71' title='bbox 754 1525 835 1571; x_wconf 90' lang='lat' dir='ltr'><strong>fiat</strong></span> <span class='ocrx_word' id='word_1_72' title='bbox 869 1527 1092 1585; x_wconf 86' lang='lat' dir='ltr'><strong>quaesti0,</strong></span> <span class='ocrx_word' id='word_1_73' title='bbox 1126 1540 1205 1572; x_wconf 87' lang='lat' dir='ltr'><strong>cur</strong></span> <span class='ocrx_word' id='word_1_74' title='bbox 1245 1526 1575 1589; x_wconf 85' lang='lat' dir='ltr'><strong>diligentissimi</strong></span> <span class='ocrx_word' id='word_1_75' title='bbox 1611 1528 1717 1582; x_wconf 77' lang='lat' dir='ltr'><strong>viri,</strong></span> <span class='ocrx_word' id='word_1_76' title='bbox 1757 1542 1874 1573; x_wconf 88' lang='lat' dir='ltr'><strong>cum</strong></span> <span class='ocrx_word' id='word_1_77' title='bbox 1907 1535 2052 1572; x_wconf 63' lang='lat' dir='ltr'><strong>nostra</strong></span> 
     </span>
     <span class='ocr_line' id='line_1_12' title="bbox 438 1650 2056 1712; baseline 0.001 -18"><span class='ocrx_word' id='word_1_78' title='bbox 438 1650 592 1695; x_wconf 89' lang='lat' dir='ltr'><strong>omnia</strong></span> <span class='ocrx_word' id='word_1_79' title='bbox 616 1659 927 1704; x_wconf 84' lang='lat' dir='ltr'><strong>retractarent,</strong></span> <span class='ocrx_word' id='word_1_80' title='bbox 956 1650 1257 1712; x_wconf 89' lang='lat' dir='ltr'><strong>hymnodiam</strong></span> <span class='ocrx_word' id='word_1_81' title='bbox 1289 1652 1437 1697; x_wconf 88' lang='lat' dir='ltr'><strong>solum</strong></span> <span class='ocrx_word' id='word_1_82' title='bbox 1468 1651 1718 1706; x_wconf 87' lang='lat' dir='ltr'><strong>intactam,</strong></span> <span class='ocrx_word' id='word_1_83' title='bbox 1743 1661 1798 1698; x_wconf 90' lang='lat' dir='ltr'><strong>et</strong></span> <span class='ocrx_word' id='word_1_84' title='bbox 1834 1662 2056 1712; x_wconf 78' lang='lat' dir='ltr'><strong>tanquam</strong></span> 
     </span>
     <span class='ocr_line' id='line_1_13' title="bbox 435 1776 2056 1837; baseline 0.003 -17"><span class='ocrx_word' id='word_1_85' title='bbox 435 1776 734 1834; x_wconf 86' lang='lat' dir='ltr'><strong>desperatam,</strong></span> <span class='ocrx_word' id='word_1_86' title='bbox 759 1792 816 1822; x_wconf 90' lang='lat' dir='ltr'><strong>ne</strong></span> <span class='ocrx_word' id='word_1_87' title='bbox 839 1777 989 1823; x_wconf 89' lang='lat' dir='ltr'><strong>dicam</strong></span> <span class='ocrx_word' id='word_1_88' title='bbox 1013 1777 1323 1835; x_wconf 87' lang='lat' dir='ltr'><strong>improbatam</strong></span> <span class='ocrx_word' id='word_1_89' title='bbox 1345 1778 1622 1837; x_wconf 86' lang='lat' dir='ltr'><strong>reliquerint,</strong></span> <span class='ocrx_word' id='word_1_90' title='bbox 1640 1778 1692 1823; x_wconf 93' lang='lat' dir='ltr'><strong>id</strong></span> <span class='ocrx_word' id='word_1_91' title='bbox 1717 1793 1838 1824; x_wconf 85' lang='lat' dir='ltr'><strong>vero</strong></span> <span class='ocrx_word' id='word_1_92' title='bbox 1864 1794 1925 1825; x_wconf 82' lang='lat' dir='ltr'><strong>ex</strong></span> <span class='ocrx_word' id='word_1_93' title='bbox 1947 1779 2056 1836; x_wconf 79' lang='lat' dir='ltr'><strong>ejus-</strong></span> 
     </span>
     <span class='ocr_line' id='line_1_14' title="bbox 434 1898 2052 1962; baseline 0.002 -18"><span class='ocrx_word' id='word_1_94' title='bbox 434 1898 560 1944; x_wconf 87' lang='lat' dir='ltr'><strong>modi</strong></span> <span class='ocrx_word' id='word_1_95' title='bbox 585 1899 761 1945; x_wconf 89' lang='lat' dir='ltr'><strong>silentio</strong></span> <span class='ocrx_word' id='word_1_96' title='bbox 786 1899 977 1949; x_wconf 66' lang='lat' dir='ltr'><strong>minime,</strong></span> <span class='ocrx_word' id='word_1_97' title='bbox 1004 1899 1311 1962; x_wconf 90' lang='lat' dir='ltr'><strong>colligendum</strong></span> <span class='ocrx_word' id='word_1_98' title='bbox 1343 1899 1441 1945; x_wconf 90' lang='lat' dir='ltr'><strong>erit.</strong></span> <span class='ocrx_word' id='word_1_99' title='bbox 1507 1899 1651 1955; x_wconf 90' lang='lat' dir='ltr'><strong>Nam,</strong></span> <span class='ocrx_word' id='word_1_100' title='bbox 1677 1916 1792 1946; x_wconf 89' lang='lat' dir='ltr'><strong>curn</strong></span> <span class='ocrx_word' id='word_1_101' title='bbox 1829 1911 2052 1948; x_wconf 83' lang='lat' dir='ltr'><strong>statutum</strong></span> 
     </span>
     <span class='ocr_line' id='line_1_15' title="bbox 434 2023 2056 2083; baseline 0.002 -14"><span class='ocrx_word' id='word_1_102' title='bbox 434 2032 564 2077; x_wconf 88' lang='lat' dir='ltr'><strong>esset,</strong></span> <span class='ocrx_word' id='word_1_103' title='bbox 582 2034 633 2069; x_wconf 91' lang='lat' dir='ltr'><strong>ut</strong></span> <span class='ocrx_word' id='word_1_104' title='bbox 658 2025 805 2069; x_wconf 89' lang='lat' dir='ltr'><strong>cultus</strong></span> <span class='ocrx_word' id='word_1_105' title='bbox 829 2023 1019 2079; x_wconf 88' lang='lat' dir='ltr'><strong>divinus,</strong></span> <span class='ocrx_word' id='word_1_106' title='bbox 1037 2039 1093 2069; x_wconf 88' lang='lat' dir='ltr'><strong>eo</strong></span> <span class='ocrx_word' id='word_1_107' title='bbox 1118 2038 1259 2083; x_wconf 91' lang='lat' dir='ltr'><strong>usque</strong></span> <span class='ocrx_word' id='word_1_108' title='bbox 1282 2024 1330 2069; x_wconf 91' lang='lat' dir='ltr'><strong>in</strong></span> <span class='ocrx_word' id='word_1_109' title='bbox 1352 2024 1519 2070; x_wconf 90' lang='lat' dir='ltr'><strong>Latino</strong></span> <span class='ocrx_word' id='word_1_110' title='bbox 1542 2024 1776 2071; x_wconf 86' lang='lat' dir='ltr'><strong>idiomate</strong></span> <span class='ocrx_word' id='word_1_111' title='bbox 1800 2027 2056 2073; x_wconf 71' lang='lat' dir='ltr'><strong>absolutus,</strong></span> 
     </span>
     <span class='ocr_line' id='line_1_16' title="bbox 436 2147 2053 2208; baseline -0.001 -15"><span class='ocrx_word' id='word_1_112' title='bbox 436 2148 645 2193; x_wconf 87' lang='lat' dir='ltr'><strong>transiret</strong></span> <span class='ocrx_word' id='word_1_113' title='bbox 677 2148 723 2192; x_wconf 87' lang='lat' dir='ltr'><strong>in</strong></span> <span class='ocrx_word' id='word_1_114' title='bbox 753 2148 1057 2201; x_wconf 86' lang='lat' dir='ltr'><strong>vernaculam,</strong></span> <span class='ocrx_word' id='word_1_115' title='bbox 1083 2148 1181 2206; x_wconf 91' lang='lat' dir='ltr'><strong>quis</strong></span> <span class='ocrx_word' id='word_1_116' title='bbox 1214 2148 1358 2203; x_wconf 86' lang='lat' dir='ltr'><strong>daret,</strong></span> <span class='ocrx_word' id='word_1_117' title='bbox 1381 2156 1433 2192; x_wconf 91' lang='lat' dir='ltr'><strong>ut</strong></span> <span class='ocrx_word' id='word_1_118' title='bbox 1464 2147 1541 2206; x_wconf 90' lang='lat' dir='ltr'><strong>qui</strong></span> <span class='ocrx_word' id='word_1_119' title='bbox 1570 2157 1766 2206; x_wconf 86' lang='lat' dir='ltr'><strong>possent</strong></span> <span class='ocrx_word' id='word_1_120' title='bbox 1802 2150 1984 2208; x_wconf 87' lang='lat' dir='ltr'><strong>aliquid</strong></span> <span class='ocrx_word' id='word_1_121' title='bbox 2013 2149 2053 2191; x_wconf 87' lang='lat' dir='ltr'><strong>in</strong></span> 
     </span>
     <span class='ocr_line' id='line_1_17' title="bbox 435 2269 2056 2328; baseline -0.001 -12"><span class='ocrx_word' id='word_1_122' title='bbox 435 2272 566 2317; x_wconf 87' lang='lat' dir='ltr'><strong>rebus</strong></span> <span class='ocrx_word' id='word_1_123' title='bbox 590 2270 902 2324; x_wconf 84' lang='lat' dir='ltr'><strong>reformandis,</strong></span> <span class='ocrx_word' id='word_1_124' title='bbox 921 2270 950 2314; x_wconf 90' lang='lat' dir='ltr'><strong>ii</strong></span> <span class='ocrx_word' id='word_1_125' title='bbox 975 2270 1021 2314; x_wconf 90' lang='lat' dir='ltr'><strong>in</strong></span> <span class='ocrx_word' id='word_1_126' title='bbox 1045 2269 1226 2328; x_wconf 88' lang='lat' dir='ltr'><strong>poetica</strong></span> <span class='ocrx_word' id='word_1_127' title='bbox 1250 2269 1462 2316; x_wconf 87' lang='lat' dir='ltr'><strong>florerent</strong></span> <span class='ocrx_word' id='word_1_128' title='bbox 1485 2269 1633 2325; x_wconf 88' lang='lat' dir='ltr'><strong>simul,</strong></span> <span class='ocrx_word' id='word_1_129' title='bbox 1653 2271 1805 2316; x_wconf 86' lang='lat' dir='ltr'><strong>verba</strong></span> <span class='ocrx_word' id='word_1_130' title='bbox 1826 2281 1991 2318; x_wconf 83' lang='lat' dir='ltr'><strong>autern</strong></span> <span class='ocrx_word' id='word_1_131' title='bbox 2012 2272 2056 2315; x_wconf 74' lang='lat' dir='ltr'><strong>in</strong></span> 
     </span>
     <span class='ocr_line' id='line_1_18' title="bbox 435 2392 2054 2457; baseline 0.002 -19"><span class='ocrx_word' id='word_1_132' title='bbox 435 2408 614 2438; x_wconf 84' lang='lat' dir='ltr'><strong>versum</strong></span> <span class='ocrx_word' id='word_1_133' title='bbox 639 2404 684 2439; x_wconf 88' lang='lat' dir='ltr'><strong>et</strong></span> <span class='ocrx_word' id='word_1_134' title='bbox 703 2394 988 2452; x_wconf 85' lang='lat' dir='ltr'><strong>quaestiones</strong></span> <span class='ocrx_word' id='word_1_135' title='bbox 1007 2393 1064 2437; x_wconf 91' lang='lat' dir='ltr'><strong>ad</strong></span> <span class='ocrx_word' id='word_1_136' title='bbox 1085 2392 1288 2438; x_wconf 87' lang='lat' dir='ltr'><strong>veritatis</strong></span> <span class='ocrx_word' id='word_1_137' title='bbox 1307 2406 1530 2446; x_wconf 89' lang='lat' dir='ltr'><strong>normam,</strong></span> <span class='ocrx_word' id='word_1_138' title='bbox 1549 2392 1644 2450; x_wconf 84' lang='lat' dir='ltr'><strong>pari</strong></span> <span class='ocrx_word' id='word_1_139' title='bbox 1665 2394 1863 2441; x_wconf 83' lang='lat' dir='ltr'><strong>solertia</strong></span> <span class='ocrx_word' id='word_1_140' title='bbox 1883 2397 2054 2457; x_wconf 78' lang='lat' dir='ltr'><strong>redige·</strong></span> 
     </span>
     <span class='ocr_line' id='line_1_19' title="bbox 436 2516 2050 2572; baseline -0.001 -7"><span class='ocrx_word' id='word_1_141' title='bbox 436 2520 574 2565; x_wconf 78' lang='lat' dir='ltr'><strong>rent?</strong></span> <span class='ocrx_word' id='word_1_142' title='bbox 641 2519 774 2564; x_wconf 90' lang='lat' dir='ltr'><strong>Unde</strong></span> <span class='ocrx_word' id='word_1_143' title='bbox 806 2520 979 2565; x_wconf 89' lang='lat' dir='ltr'><strong>factum</strong></span> <span class='ocrx_word' id='word_1_144' title='bbox 1013 2527 1094 2572; x_wconf 89' lang='lat' dir='ltr'><strong>est,</strong></span> <span class='ocrx_word' id='word_1_145' title='bbox 1119 2526 1171 2562; x_wconf 91' lang='lat' dir='ltr'><strong>ut</strong></span> <span class='ocrx_word' id='word_1_146' title='bbox 1202 2517 1249 2562; x_wconf 89' lang='lat' dir='ltr'><strong>in</strong></span> <span class='ocrx_word' id='word_1_147' title='bbox 1280 2516 1440 2563; x_wconf 87' lang='lat' dir='ltr'><strong>officiis</strong></span> <span class='ocrx_word' id='word_1_148' title='bbox 1474 2516 1650 2571; x_wconf 84' lang='lat' dir='ltr'><strong>divinis,</strong></span> <span class='ocrx_word' id='word_1_149' title='bbox 1674 2517 1794 2562; x_wconf 90' lang='lat' dir='ltr'><strong>dum</strong></span> <span class='ocrx_word' id='word_1_150' title='bbox 1830 2519 2050 2564; x_wconf 78' lang='lat' dir='ltr'><strong>habemus</strong></span> 
     </span>
     <span class='ocr_line' id='line_1_20' title="bbox 434 2643 1252 2704; baseline -0.001 -15"><span class='ocrx_word' id='word_1_151' title='bbox 434 2653 629 2697; x_wconf 89' lang='lat' dir='ltr'><strong>caetera,</strong></span> <span class='ocrx_word' id='word_1_152' title='bbox 651 2644 848 2704; x_wconf 88' lang='lat' dir='ltr'><strong>hymnos</strong></span> <span class='ocrx_word' id='word_1_153' title='bbox 872 2659 965 2689; x_wconf 89' lang='lat' dir='ltr'><strong>non</strong></span> <span class='ocrx_word' id='word_1_154' title='bbox 987 2643 1252 2688; x_wconf 84' lang='lat' dir='ltr'><strong>habeamus.</strong></span> 
     </span>
    </p>

    <p class='ocr_par' dir='ltr' id='par_1_5' title="bbox 437 2767 2048 3076">
     <span class='ocr_line' id='line_1_21' title="bbox 504 2767 2048 2830; baseline -0.001 -14"><span class='ocrx_word' id='word_1_155' title='bbox 504 2771 660 2830; x_wconf 83' lang='lat' dir='ltr'><strong>Qare</strong></span> <span class='ocrx_word' id='word_1_156' title='bbox 703 2771 749 2815; x_wconf 86' lang='lat' dir='ltr'><strong>in</strong></span> <span class='ocrx_word' id='word_1_157' title='bbox 790 2770 876 2816; x_wconf 90' lang='lat' dir='ltr'><strong>hac</strong></span> <span class='ocrx_word' id='word_1_158' title='bbox 917 2768 1144 2814; x_wconf 88' lang='lat' dir='ltr'><strong>Ecclesiae</strong></span> <span class='ocrx_word' id='word_1_159' title='bbox 1187 2776 1369 2814; x_wconf 87' lang='lat' dir='ltr'><strong>nostrae</strong></span> <span class='ocrx_word' id='word_1_160' title='bbox 1408 2767 1710 2827; x_wconf 88' lang='lat' dir='ltr'><strong>qualicunque</strong></span> <span class='ocrx_word' id='word_1_161' title='bbox 1747 2769 1933 2829; x_wconf 87' lang='lat' dir='ltr'><strong>inopia,</strong></span> <span class='ocrx_word' id='word_1_162' title='bbox 1967 2772 2048 2817; x_wconf 83' lang='lat' dir='ltr'><strong>hoc</strong></span> 
     </span>
     <span class='ocr_line' id='line_1_22' title="bbox 437 2889 2044 2954; baseline -0.004 -13"><span class='ocrx_word' id='word_1_163' title='bbox 437 2905 660 2954; x_wconf 86' lang='lat' dir='ltr'><strong>tempore,</strong></span> <span class='ocrx_word' id='word_1_164' title='bbox 693 2894 858 2940; x_wconf 88' lang='lat' dir='ltr'><strong>Lector</strong></span> <span class='ocrx_word' id='word_1_165' title='bbox 893 2891 1127 2945; x_wconf 87' lang='lat' dir='ltr'><strong>benevole,</strong></span> <span class='ocrx_word' id='word_1_166' title='bbox 1159 2890 1244 2936; x_wconf 91' lang='lat' dir='ltr'><strong>tibi</strong></span> <span class='ocrx_word' id='word_1_167' title='bbox 1278 2891 1547 2949; x_wconf 89' lang='lat' dir='ltr'><strong>apponenda</strong></span> <span class='ocrx_word' id='word_1_168' title='bbox 1582 2889 1827 2936; x_wconf 88' lang='lat' dir='ltr'><strong>statuimus</strong></span> <span class='ocrx_word' id='word_1_169' title='bbox 1868 2893 1950 2938; x_wconf 87' lang='lat' dir='ltr'><strong>illa</strong></span> <span class='ocrx_word' id='word_1_170' title='bbox 1983 2891 2044 2936; x_wconf 85' lang='lat' dir='ltr'><strong>vel</strong></span> 
     </span>
     <span class='ocr_line' id='line_1_23' title="bbox 441 3014 2044 3076; baseline -0.002 -12"><span class='ocrx_word' id='word_1_171' title='bbox 441 3020 621 3065; x_wconf 85' lang='lat' dir='ltr'><strong>illorum</strong></span> <span class='ocrx_word' id='word_1_172' title='bbox 647 3018 820 3071; x_wconf 87' lang='lat' dir='ltr'><strong>similia,</strong></span> <span class='ocrx_word' id='word_1_173' title='bbox 845 3032 960 3076; x_wconf 91' lang='lat' dir='ltr'><strong>quae</strong></span> <span class='ocrx_word' id='word_1_174' title='bbox 984 3015 1126 3062; x_wconf 88' lang='lat' dir='ltr'><strong>nostri</strong></span> <span class='ocrx_word' id='word_1_175' title='bbox 1152 3015 1198 3059; x_wconf 91' lang='lat' dir='ltr'><strong>in</strong></span> <span class='ocrx_word' id='word_1_176' title='bbox 1223 3014 1404 3060; x_wconf 91' lang='lat' dir='ltr'><strong>saeculo</strong></span> <span class='ocrx_word' id='word_1_177' title='bbox 1437 3014 1615 3059; x_wconf 91' lang='lat' dir='ltr'><strong>decimo</strong></span> <span class='ocrx_word' id='word_1_178' title='bbox 1651 3022 1801 3068; x_wconf 82' lang='lat' dir='ltr'><strong>sexto,</strong></span> <span class='ocrx_word' id='word_1_179' title='bbox 1824 3028 1943 3060; x_wconf 88' lang='lat' dir='ltr'><strong>cum</strong></span> <span class='ocrx_word' id='word_1_180' title='bbox 1975 3029 2044 3062; x_wconf 84' lang='lat' dir='ltr'><strong>sua</strong></span> 
     </span>
    </p>
   </div>
   <div class='ocr_carea' id='block_1_4' title="bbox 443 3135 2039 3197">
    <p class='ocr_par' dir='ltr' id='par_1_6' title="bbox 443 3135 2039 3197">
     <span class='ocr_line' id='line_1_24' title="bbox 443 3135 2039 3197; baseline -0.003 -11"><span class='ocrx_word' id='word_1_181' title='bbox 443 3150 607 3195; x_wconf 86' lang='lat' dir='ltr'><strong>essent,</strong></span> <span class='ocrx_word' id='word_1_182' title='bbox 643 3141 698 3186; x_wconf 91' lang='lat' dir='ltr'><strong>de</strong></span> <span class='ocrx_word' id='word_1_183' title='bbox 731 3140 938 3186; x_wconf 89' lang='lat' dir='ltr'><strong>manibus</strong></span> <span class='ocrx_word' id='word_1_184' title='bbox 972 3140 1216 3197; x_wconf 88' lang='lat' dir='ltr'><strong>prudenter</strong></span> <span class='ocrx_word' id='word_1_185' title='bbox 1250 3137 1531 3191; x_wconf 85' lang='lat' dir='ltr'><strong>amiserunt;</strong></span> <span class='ocrx_word' id='word_1_186' title='bbox 1573 3150 1666 3180; x_wconf 86' lang='lat' dir='ltr'><strong>non</strong></span> <span class='ocrx_word' id='word_1_187' title='bbox 1700 3135 1793 3189; x_wconf 89' lang='lat' dir='ltr'><strong>illa,</strong></span> <span class='ocrx_word' id='word_1_188' title='bbox 1828 3150 1891 3181; x_wconf 84' lang='lat' dir='ltr'><strong>ex</strong></span> <span class='ocrx_word' id='word_1_189' title='bbox 1925 3135 2039 3182; x_wconf 87' lang='lat' dir='ltr'><strong>omni</strong></span> 
     </span>
    </p>
   </div>
  </div>
 </body>
</html>
