2150 3800
425 259 541 327 380

820 254 898 311 In
939 252 1133 312 Mezvsa
1173 253 1591 333 Defunctorum.

745 417 1011 489 Quantus
1052 427 1266 476 tremor
1306 429 1392 477 est
1433 419 1654 478 futurus

748 499 1001 570 Quando
1038 500 1218 575 judex
1261 510 1348 559 est
1389 511 1678 570 venturuS,

747 579 971 638 Cuncta
1012 582 1200 639 stricte
1243 583 1635 642 discussurus!

725 744 918 801 -Tuba
958 744 1168 801 mirum
1212 762 1487 819 spargens
1516 764 1732 803 sonum

746 825 854 882 Per
896 826 1156 900 sepulcra
1195 826 1516 899 regionum,

749 905 937 981 Coget
977 925 1183 966 omnes
1224 917 1356 964 ante
1393 908 1680 966 thronum.

748 1068 910 1127 Mors
953 1071 1202 1146 stupebit
1242 1079 1299 1127 et
1340 1080 1541 1128 natura

750 1149 899 1208 Cum
942 1162 1200 1227 resurget
1241 1162 1497 1223 creatura

744 1231 1029 1307 Judicanti
1069 1251 1430 1309 responsura.

745 1393 917 1452 Liber
959 1396 1202 1470 scriptus
1244 1395 1573 1471 proferetur,

749 1475 819 1533 In
860 1495 977 1552 quo
1019 1486 1204 1536 totum
1246 1478 1581 1547 continetur,

745 1556 917 1616 Unde
957 1559 1208 1643 mundus
1245 1560 1543 1635 judicetur.

748 1721 936 1797 Judex
978 1740 1119 1796 ergo
1161 1740 1295 1780 cum
1338 1722 1574 1791 sedebit,

750 1802 1049 1878 Quidquid
1090 1804 1226 1861 latet
1268 1804 1578 1879 apparebit,

747 1883 845 1941 Nil
888 1886 1129 1944 inultum
1169 1886 1500 1945 remanebit.

751 2033 910 2104 Quid
954 2053 1084 2091 sum
1125 2034 1298 2092 miser
1339 2043 1473 2105 tune
1517 2032 1803 2090 dicturus?

751 2113 944 2184 Quem
987 2126 1292 2191 patronum
1335 2115 1674 2189 rogaturus?

748 2195 898 2253 Cum
940 2199 1032 2254 vix
1069 2198 1257 2273 justus
1301 2197 1371 2254 sit
1412 2214 1661 2254 securus.

748 2345 876 2402 Rex
919 2344 1248 2402 tremendae
1289 2336 1618 2420 majestatis,

749 2426 869 2497 Qui
911 2426 1214 2484 salvandos
1256 2425 1439 2484 salvas
1479 2425 1670 2500 gratiS,

750 2507 913 2565 Salve
955 2526 1067 2577 me,
1110 2506 1240 2566 fons
1282 2507 1522 2582 pietatis,

751 2657 1094 2725 Recordare,
1137 2655 1277 2731 Jesu
1318 2657 1428 2731 pie,

751 2738 928 2809 Quod
971 2756 1100 2796 sum
1142 2754 1315 2799 causa
1355 2747 1486 2795 tuae
1529 2737 1668 2805 viae,

750 2820 842 2878 Ne
883 2839 978 2878 me
1019 2819 1229 2895 perdas
1271 2819 1363 2877 illa
1406 2819 1513 2876 die.

750 2966 1050 3037 Quaerens
1092 2984 1204 3036 me,
1249 2966 1444 3023 sedisti
1484 2965 1701 3033 lassus;

753 3048 1070 3107 Redemisti
1113 3065 1341 3105 crucem
1382 3064 1620 3122 passus:

754 3127 976 3188 Tantus
1016 3130 1178 3187 labor
1218 3147 1337 3186 non
1379 3129 1449 3186 sit
1490 3146 1703 3186 cassus
