2150 3800
449 252 464 289 ι
481 223 556 303 84
1076 227 1395 286 Doctorum.

900 602 992 647 AD
1034 601 1340 645 OFFICIUM
1392 602 1627 645 NOCT-

519 789 652 867 Jam
695 808 864 860 nunc,
908 806 1056 866 quae
1098 805 1364 846 numeras
1407 797 1494 845 tot
1547 788 1684 844 tibi
1741 784 2008 847 vindices,

524 871 681 929 Effer
724 871 1028 941 sidereum,
1072 869 1337 945 Relligio‚
1379 880 1615 943 caput,-

525 953 685 1024 Quot
726 963 857 1011 sunt
897 961 1058 1010 mota
1097 951 1200 1008 tibi
1241 950 1470 1026 praelia,
1514 951 1805 1009 nobiles

688 1033 808 1091 Tot
850 1034 1030 1091 nectis
1071 1033 1175 1090 tibi
1217 1032 1452 1089 laureas.

529 1199 680 1255 Cum
722 1215 826 1272 per
866 1195 1020 1253 mille
1062 1213 1234 1253 neces
1276 1195 1538 1270 impietas
1585 1195 1781 1262 furit,

531 1279 800 1353 Opponis
843 1277 1030 1334 valido
1071 1287 1304 1352 pectore
1347 1274 1647 1350 Martyres
1676 1296 1700 1346 ,·

531 1360 681 1418 Cum
723 1377 827 1434 per
865 1357 1019 1416 mille
1063 1358 1229 1417 dolos
1272 1357 1480 1433 decipit
1524 1356 1845 1422 haeresis,

689 1439 973 1498 Doctores
1015 1440 1118 1497 tibi
1160 1440 1413 1500 suscitas,

533 1603 787 1673 Quando
831 1620 1029 1677 sparsa
1070 1602 1193 1659 lues
1235 1602 1487 1677 undique
1529 1602 1896 1668 criminum,

536 1684 617 1741 Hi
659 1683 905 1758 gliscens
947 1683 1144 1741 vitium
1185 1684 1443 1759 protinus
1486 1693 1851 1759 amputant:

536 1764 789 1837 Quando
830 1764 1074 1841 plurima
1093 1773 1098 1778 '
1116 1782 1233 1822 nox
1275 1765 1565 1822 mentibus
1608 1765 1884 1831 incubat,

697 1845 778 1903 Hi
819 1847 1055 1923 plenum
1097 1846 1372 1905 revehunt
1416 1846 1588 1905 diem.

537 2009 792 2068 Firmant
834 2009 1142 2079 instabiles,
1186 2019 1240 2066 et
1284 2009 1487 2068 dubios
1532 2021 1778 2085 regunt:

539 2090 864 2150 Monstrant
905 2100 1025 2148 tuta
1065 2091 1267 2166 procul
1308 2090 1493 2148 littora
1536 2091 1873 2166 naufragis:

539 2172 745 2243 Nobis,
787 2173 885 2248 qui
927 2171 1186 2230 vehimur
1215 2180 1399 2230 'caeca
1439 2191 1544 2248 per
1586 2191 1865 2248 aequora,

702 2253 923 2312 Lucent
964 2263 1274 2329 perpetuae
1316 2253 1488 2312 faces.

541 2417 708 2488 Quae
753 2417 944 2475 dixere
987 2417 1099 2474 tuis
1141 2434 1398 2475 consona
1439 2416 1725 2486 sensibuS‚

542 2498 769 2558 Nostris
812 2498 919 2567 illa,
963 2497 1142 2567 DeuS‚
1186 2498 1455 2556 cordibus
1497 2498 1835 2573 imprimas:

541 2579 708 2650 Quos
749 2581 909 2638 terris
953 2580 1212 2649 colimus,
1257 2597 1403 2655 quos
1448 2579 1756 2654 sequimur·
1790 2581 1984 2639 duces,

702 2661 818 2719 Fac
861 2678 968 2719 nos
1010 2661 1267 2719 moribus
1309 2661 1555 2736 assequi.

545 2824 628 2881 Sit
671 2842 938 2899 suprema
979 2824 1079 2881 tibi
1120 2823 1319 2898 gloria,
1361 2822 1605 2893 VeritaS‚

542 2905 710 2977 Quae
739 2923 841 2981 per
870 2906 1081 2980 scripta
1108 2904 1358 2975 Patrum,
1389 2905 1622 2981 quando
1651 2905 1791 2963 foris
1820 2924 2000 2970 sonas,

541 2987 716 3045 Nullo
758 2987 912 3044 vocis
954 3004 1132 3061 egens
1174 2987 1352 3045 corda
1393 2987 1568 3045 doces
1611 3004 1776 3056 son0,

701 3068 775 3125 Et
817 3080 872 3126 te
915 3069 1203 3127 mentibus
1246 3069 1462 3127 inseris.
1647 3085 1660 3091 ’
