2150 3800
465 228 481 266 ι
497 212 571 281 58
999 205 1113 266 SS.
1156 206 1511 283 Angelorum.

618 373 770 432 Nam
815 374 973 450 quod
1016 374 1286 432 corruerit
1317 373 1582 448 proditor
1624 373 1927 448 Angelus,

615 454 925 515 Concessis
965 456 1171 513 merito
1212 454 1412 531 pulsus
1452 454 1793 524 honoribuS,

618 537 845 595 Ardens
886 537 1111 607 invidia,
1155 538 1365 612 pellere
1406 537 1598 593 nititur

778 618 947 690 Quos
990 618 1154 677 coelo
1195 617 1357 676 Deus
1400 619 1657 676 advocat.

586 773 756 838 'Huc
797 791 992 839 custos
1033 781 1203 856 igitur
1242 781 1477 858 pervigil
1519 780 1739 849 advola,

618 862 897 921 Avertens
937 863 1120 937 patria
1162 863 1235 920 de
1276 863 1377 919 tibi
1418 863 1633 920 credita

618 942 771 1001 Tam
812 944 1048 1002 morbos
1091 944 1281 1014 animi,
1326 961 1502 1020 quam
1543 944 1912 1019 requiescere

780 1025 1079 1101 Quidquid
1121 1041 1242 1083 non
1282 1026 1414 1085 sinit
1456 1025 1689 1084 incolas,

629 1189 749 1261 Qui
790 1187 930 1247 lucis
973 1187 1141 1246 Pater
1183 1198 1285 1259 est,
1328 1189 1508 1263 gloria
1549 1189 1622 1247 sit
1664 1188 1856 1245 Patri:

626 1271 745 1343 Qui
786 1269 881 1326 lux
924 1271 1051 1345 ipsa
1093 1268 1290 1340 Patris,
1333 1271 1515 1345 gloria
1556 1270 1734 1327 Filio:

620 1352 1058 1427 Amborumque
1103 1351 1218 1422 tibi,
1263 1370 1446 1409 nexus
1487 1351 1765 1420 amabiliS,

619 1433 875 1508 Compar
915 1433 1111 1508 gloria,
1158 1432 1414 1508 Spiritus·

1060 1784 1155 1827 AD
1197 1783 1464 1828 LAUDES.

622 1972 918 2047 Regnator
959 1970 1115 2043 orbis
1158 1986 1418 2027 summus
1461 1979 1517 2027 et
1559 1971 1778 2039 arbiter,

623 2052 734 2112 Cui
775 2069 958 2128 prona
1000 2050 1168 2109 servit
1210 2051 1365 2108 curia
1406 2049 1728 2122 coelitum

624 2134 792 2206 Quae
833 2151 973 2192 voce
1017 2133 1140 2191 sola
1180 2141 1242 2189 tu
1283 2133 1501 2201 creasti,

623 2215 905 2290 Perpetua
944 2215 1096 2290 regis
1131 2213 1264 2290 ipse
1307 2231 1458 2271 cura.

624 2377 810 2435 Nobis
852 2376 1047 2434 fideles
1089 2375 1360 2451 providus
1401 2376 1660 2452 Angelos

625 2458 839 2516 Missos
883 2457 1139 2533 Olympo
1182 2458 1514 2533 suppeditas
1557 2457 1745 2526 duces,

625 2539 744 2611 Qui
785 2557 892 2598 nos
934 2548 1017 2596 tot
1060 2539 1332 2597 obsessos
1375 2539 1599 2615 periclis

626 2621 950 2680 Incolumes
994 2621 1117 2678 sine
1160 2620 1288 2678 labe
1332 2630 1585 2680 servent:

622 2781 718 2842 Ne
758 2801 866 2842 nos
908 2784 1173 2859 malignis
1215 2782 1505 2842 fraudibus
1546 2799 1839 2858 occupanS,

632 2865 868 2922 Incauta
909 2863 1062 2924 fallat
1104 2875 1341 2941 pectora
1382 2865 1659 2924 subdolus

628 2945 839 3004 Suasor
881 2947 1198 3018 malorum;
1249 2965 1322 3004 ne
1364 2947 1722 3022 redemptam

628 3027 888 3104 Abripiat
930 3028 1217 3104 lanietque
1258 3028 1551 3102 praedam.
