2150 3800
505 293 622 361 384

870 286 1063 345 Missa
1093 287 1156 343 de
1185 284 1391 361 Septem
1418 285 1733 345 Doloribus.

826 419 942 478 Fac
983 428 1046 476 ut
1089 419 1284 477 ardeat
1325 436 1425 475 cor
1466 437 1663 477 meum

828 503 898 559 In
939 501 1191 558 amando
1235 499 1526 558 Christum
1570 499 1784 570 Deum,

902 582 983 639 Ut
1027 582 1133 640 sibi
1176 581 1586 658 complaceam.

826 698 1037 756 Sancta
1081 696 1283 766 Mater,
1328 696 1479 754 istud
1522 716 1678 772 agaS‚

821 779 1090 838 Crucifixi
1132 778 1245 853 fige
1286 778 1488 853 plagas

906 859 1084 918 Cordi
1125 877 1260 916 meo
1308 859 1526 916 valide:

827 941 942 999 Tui
970 942 1088 998 nati
1130 941 1418 1012 vulnerati,

822 1023 953 1099 Jam
997 1022 1213 1096 dignati
1253 1040 1359 1096 pro
1401 1039 1497 1078 me
1539 1024 1672 1096 pati,

904 1102 1130 1160 Poenas
1171 1121 1400 1160 mecum
1444 1102 1646 1161 divide.

825 1217 872 1275 F
875 1235 941 1275 ac
984 1235 1079 1274 me
1124 1234 1252 1274 vere
1294 1227 1487 1274 tecum
1536 1217 1686 1281 flere,

824 1298 1115 1357 Crucifixo
1157 1298 1481 1367 condolere,

901 1380 1109 1438 Donec
1151 1397 1264 1454 ego
1305 1380 1534 1437 vixero:

821 1462 992 1538 Juxta
1033 1479 1266 1519 crucem
1305 1471 1495 1518 tecum
1539 1470 1701 1529 stare,

823 1543 914 1600 Te
956 1544 1196 1600 libenter
1238 1543 1454 1600 sociare

902 1623 973 1681 In
1014 1624 1247 1699 planctu
1289 1623 1567 1681 desidero.

821 1737 1003 1812 Virgo
1045 1737 1325 1811 virginum
1366 1736 1671 1812 praeclara,

822 1819 967 1876 Mihi
1005 1819 1126 1894 jam
1168 1836 1288 1875 non
1329 1818 1406 1875 sis
1450 1835 1659 1886 amara,

902 1900 1019 1958 Fac
1060 1918 1155 1957 me
1199 1910 1392 1958 tecum
1434 1900 1737 1975 plangere;

822 1983 936 2039 Fac
980 1991 1040 2038 ut
1079 1992 1308 2056 portem
1336 1981 1544 2040 Christi
1586 1992 1845 2051 mortem,

822 2063 1113 2121 Passionis
1154 2063 1280 2138 ejus
1323 2074 1534 2122 sortem

903 2144 979 2201 Et
1006 2144 1207 2218 plagas
1249 2145 1513 2202 recolere.

822 2259 937 2316 Fac
978 2276 1074 2315 me
1117 2260 1302 2334 plagis
1345 2260 1637 2330 vulnerari,

824 2339 1009 2397 Cruce
1052 2340 1160 2398 hac
1204 2341 1482 2410 inebriari,

899 2421 995 2480 Ob
1039 2440 1295 2480 amorem
1338 2421 1480 2479 Filii.

824 2503 1221 2560 Inflammatus
1264 2514 1320 2561 et
1362 2521 1636 2561 accensus

821 2583 930 2642 Per
972 2594 1045 2654 te,
1089 2583 1288 2659 Virg0‚
1330 2586 1439 2643 sim
1482 2584 1749 2643 defensus

902 2666 974 2724 In
1016 2667 1109 2724 die
1148 2666 1360 2743 judicii.

822 2781 937 2838 Fac
978 2801 1075 2840 me
1118 2799 1287 2839 cruce
1329 2781 1617 2851 custodiri,

821 2861 1010 2919 Morte
1056 2862 1266 2921 Christi
1307 2864 1671 2937 praemuniri,

903 2941 1213 3001 Confoveri
1254 2944 1453 3020 gratia.

822 3022 1074 3093 Quando
1118 3043 1326 3100 corpus
1369 3027 1656 3095 morietur,

822 3102 937 3162 Fac
979 3116 1041 3162 ut
1084 3107 1307 3164 animae
1350 3108 1609 3177 donetur,

899 3184 1153 3244 Paradisi
1192 3188 1387 3261 gloria.
