2150 3800
1179 239 1487 297 Domim'ca.

868 402 1149 461 Coelestis
1190 401 1332 460 haec
1374 403 1557 459 vincat
1596 401 1734 458 tuba

869 483 1076 543 Cordis
1119 501 1391 559 soporem
1430 482 1697 558 languidi,

871 566 1136 641 Novique
1179 583 1371 622 mores
1412 565 1724 641 exprimant

872 647 1065 704 Vitam
1107 648 1452 721 resurgentis
1493 664 1714 703 novam.

874 778 1009 836 Hoc
1050 795 1488 853 consequemur,
1528 787 1583 835 te
1624 777 1784 844 duce,

874 860 1028 918 Fons
1070 860 1334 927 caritatiS‚
1376 877 1414 918 o
1455 858 1627 927 DeuS‚

873 942 990 1013 Qui
1031 941 1175 1015 legis
1217 941 1382 998 addis
1424 942 1631 998 litterae

876 1023 1041 1080 Vitae
1085 1022 1343 1081 datorem
1388 1022 1668 1097 Spiritum.

875 1153 958 1210 Sit
999 1153 1124 1210 laus
1165 1151 1335 1223 Patri,
1377 1152 1501 1225 laus
1543 1151 1712 1220 Filio;

876 1234 987 1291 Par
1028 1236 1100 1291 sit
1141 1234 1243 1291 tibi
1284 1234 1423 1304 lauS,
1469 1233 1717 1309 SpirituS,

872 1315 1120 1373 Afflante
1163 1326 1280 1391 quo
1320 1325 1544 1373 mentes
1585 1314 1754 1372 sacris

874 1396 1095 1455 Lucent
1137 1407 1194 1454 et
1236 1397 1435 1455 ardent
1478 1397 1716 1471 ignibus.

1144 1591 1236 1633 AD
1281 1591 1549 1635 LAUDES.

879 1696 975 1753 Ad
1018 1696 1233 1770 templa
1274 1714 1382 1753 nos
1422 1714 1615 1754 rursus
1656 1705 1819 1753 vocat

879 1776 1173 1852 Surgentis
1207 1796 1441 1841 aurorae
1482 1779 1645 1847 nitor,

880 1858 1192 1935 Novasque
1234 1877 1340 1936 pro
1381 1859 1532 1918 laeto
1572 1868 1767 1917 monet

878 1940 1113 1998 Referre
1154 1952 1344 2016 grates
1385 1960 1637 2000 munere.

878 2067 956 2123 At
997 2067 1176 2123 victor
1217 2084 1481 2124 auroram
1523 2085 1629 2124 suo

881 2147 1128 2221 Fulgore
1170 2146 1430 2206 Christus
1471 2150 1692 2206 obruit:
1743 2209 1750 2212 ⁷

884 2228 1055 2298 Huic,
1099 2246 1314 2303 magna
1355 2231 1518 2305 cujus
1559 2249 1691 2306 pars
1733 2251 1956 2305 sumus,

879 2308 1047 2385 Juvat
1089 2310 1377 2386 triumpho
1419 2312 1704 2386 plaudere.

884 2441 1062 2512 Quod
1104 2442 1361 2501 evolutus
1403 2443 1592 2502 fasciis

886 2522 1149 2598 Repente
1177 2524 1440 2582 *mundus
1481 2526 1676 2596 extitit,

882 2604 1033 2662 Puro
1072 2605 1339 2663 renidens
1380 2606 1612 2678 lumine,

884 2685 1123 2744 Virtutis
1164 2686 1276 2744 hoc
1319 2698 1566 2762 quantae
1608 2688 1747 2747 fuit!

884 2814 1062 2886 Quod
1105 2818 1373 2875 traditum
1415 2821 1542 2877 neci
1585 2820 1766 2891 Pater,

882 2895 961 2954 Ut
1004 2899 1264 2956 sontibus
1307 2901 1481 2958 vitam
1523 2902 1698 2971 daret,

885 2976 1053 3036 Vitae
1095 2980 1335 3039 redonat
1379 2981 1600 3054 Filium,

882 3059 1114 3119 Amoris
1157 3062 1268 3119 hoc
1311 3065 1507 3138 quanti
1548 3065 1686 3122 fuit!
