2150 3800
513 245 590 304 In
632 244 837 306 Decoll.
881 245 947 306 S.
974 244 1237 322 joannis.

454 582 548 626 AD
590 581 914 628 SECUNDAS
961 581 1284 627 VESPERAS.

223 792 520 852 Omnibus
561 801 757 849 manat
798 809 966 850 cruor
1005 810 1143 850 ecce
1183 793 1373 852 venis:

225 874 390 933 Hinc
433 873 585 932 sitim
626 872 863 948 longam
904 873 1063 943 satia,
1106 882 1380 949 tyranne;
1485 903 1494 911 ·

227 955 306 1015 Et
347 956 513 1014 cibos
553 955 699 1012 inter
737 963 1081 1030 paterasque
1121 973 1270 1030 puro

397 1035 688 1113 Sanguine
728 1036 859 1093 liba.

232 1200 312 1258 Ut
356 1209 529 1274 caput
569 1198 724 1268 vidit,
767 1197 1012 1272 dapibus
1054 1199 1285 1272 paratis,
1364 1219 1371 1226 ·

233 1281 428 1339 Triste
471 1279 712 1338 fumanti
753 1278 991 1336 natitare
1033 1280 1187 1350 tabe,

234 1362 458 1432 Haesit,
501 1360 760 1436 impastis
802 1360 1145 1436 fremuitque
1187 1361 1405 1420 mensis

396 1442 636 1501 Funeris
677 1452 892 1500 auctor.

231 1606 371 1664 Non
414 1615 608 1663 tamen
648 1603 848 1662 frontis
888 1605 1136 1679 gravitas
1178 1621 1413 1663 serenae

232 1687 422 1746 Cessit
465 1686 669 1743 immiti
709 1684 916 1744 violata
956 1684 1139 1743 ferro:

230 1768 395 1827 Dura
435 1767 679 1825 mitescit
715 1766 950 1842 placido
991 1768 1101 1825 sub
1143 1785 1241 1826 ore
1316 1807 1319 1816 ·

396 1848 604 1908 Mortis
645 1848 857 1924 imago,

234 2013 330 2071 Sic
373 2030 479 2070 suo
519 2029 744 2069 rursum
785 2010 947 2070 Deus
989 2010 1142 2070 hunc
1184 2011 1403 2087 praeire

232 2094 518 2153 Nuntium
560 2092 789 2151 Christo
826 2092 1004 2169 jubet,
1046 2091 1352 2169 inferisque

233 2175 406 2233 Ferre
447 2192 794 2250 praeconem
835 2192 986 2232 nova
1027 2174 1303 2233 liberandi

400 2255 630 2319 Gaudia
670 2256 887 2314 mundi.

235 2418 356 2491 Qui
395 2417 528 2477 Deo
568 2418 773 2493 plenus
812 2417 1010 2493 rigidis
1051 2416 1305 2474 futurum

236 2500 500 2558 Moribus
542 2498 832 2557 Christum
874 2498 1031 2557 rudis
1073 2499 1445 2573 exprimebat,

236 2580 451 2641 Debuit
492 2581 634 2638 dura
675 2598 905 2657 quoque
946 2590 1131 2638 morte
1173 2588 1355 2637 totum

401 2661 668 2721 Reddere
709 2661 1019 2720 Christum.

243 2825 482 2883 Summa
522 2825 644 2883 laus
686 2823 857 2894 Patri,
899 2824 1212 2900 genitoque
1253 2822 1486 2892 Verbo;

240 2906 315 2964 Et
355 2907 457 2963 tibi
498 2924 751 2981 compar,
794 2906 1087 2981 utriusque
1129 2921 1311 2962 nexus

245 2987 485 3063 Spiritus
529 3006 771 3063 semper,
814 2986 977 3045 Deus
1018 3004 1169 3044 unus
1212 2985 1371 3042 omni

404 3069 713 3145 Temporis
755 3087 916 3128 aevo,

1211 3162 1247 3202 L
1279 3165 1310 3202 2

1561 265 1667 323 147
