2150 3800
401 237 479 295 In
504 235 667 297 Festo
699 234 962 313 Corporis
995 234 1232 297 Chris-ti.
1502 255 1572 314 27
1584 261 1613 316 5

1306 316 1317 349 i

83 410 84 415 ¹
130 386 382 446 Noctis
422 387 686 446 recolitur
728 404 911 445 coena
951 386 1277 457 novissima,

128 468 305 539 Qua
352 469 615 528 Christus
644 468 889 527 creditur
929 486 1149 545 agnum
1189 478 1248 528 et
1289 487 1492 546 azyma

127 549 420 611 Dedisse
463 551 741 616 fratribus,
780 551 943 626 juxta
984 549 1240 627 legitima

332 633 543 693 Priscis
592 630 809 690 indulta
855 632 1128 707 patribus.

129 795 302 853 Post
348 813 564 871 agnum
606 795 877 871 typicum,
921 794 1163 871 expletis
1206 795 1405 871 epuliS,

132 876 399 953 Corpus
440 876 816 935 Dominicum
856 875 1056 934 datum
1099 876 1407 953 discipuli8‚

137 958 253 1017 Sic
302 968 489 1016 totum
528 959 813 1029 omnibuS‚
847 957 1005 1035 quod
1046 966 1232 1016 totum
1275 958 1527 1035 singuliS,

321 1040 466 1116 Ejus
507 1040 751 1100 fatemur
791 1039 1072 1098 manibus.

130 1202 334 1260 Dedit
377 1202 672 1279 fragilibus
714 1204 970 1279 corporis
1012 1201 1309 1274 ferculum,

133 1283 336 1342 Dedit
379 1295 435 1342 et
477 1284 729 1343 tristibus
772 1284 1066 1361 sanguinis
1107 1284 1400 1361 poculum,

135 1365 393 1437 Dicens,
437 1365 699 1442 Accipite
739 1367 898 1443 quod
939 1365 1104 1425 trado
1146 1366 1458 1436 vasculum,

324 1447 548 1525 Omnes
591 1467 659 1506 ex
705 1465 777 1506 eo
818 1447 1012 1506 bibite.

136 1611 246 1669 Sic
293 1611 633 1669 sacrificium
675 1610 828 1670 istud
870 1609 1124 1680 instituit,

134 1692 336 1769 Cujus
381 1693 633 1751 officium
674 1692 955 1750 committi
997 1691 1173 1750 voluit

137 1774 305 1833 Solis
348 1774 711 1850 presbyteris,
756 1773 968 1850 quibus
1008 1773 1091 1832 sic
1135 1775 1412 1849 congruit,

317 1854 399 1914 Ut
440 1865 685 1927 sumant,
728 1864 785 1914 et
827 1855 964 1914 dent
1006 1855 1225 1915 ceteris.

137 2017 325 2077 Panis
368 2018 659 2093 angelicus
701 2020 764 2077 fit
803 2018 971 2094 panis
1013 2018 1349 2077 hominum:

129 2099 256 2157 Dat
299 2101 467 2175 panis
509 2100 756 2159 coelicus
798 2100 993 2176 figuris
1034 2101 1378 2159 terminum:

133 2180 196 2238 O
241 2200 337 2240 res
377 2182 667 2252 mirabiIiS,
712 2182 1024 2241 manducat
1064 2181 1386 2241 Dominum

261 2291 272 2302 ·
311 2262 556 2339 Pauper,
597 2282 811 2335 servae,
856 2273 914 2323 et
952 2263 1199 2323 humilis.

134 2424 232 2483 Te
274 2427 423 2484 trina
462 2425 664 2486 Deitas
705 2444 937 2502 unaque
978 2427 1295 2502 poscimus,

136 2506 236 2564 Sic
278 2524 391 2566 nos
432 2517 494 2565 tu
534 2509 711 2579 visita,
757 2509 902 2567 sicut
942 2517 999 2566 te
1041 2509 1320 2567 colimus:

134 2586 247 2645 Per
287 2598 419 2647 tuas
461 2591 692 2649 semitas
735 2590 847 2649 duc
889 2608 998 2649 nos
1035 2609 1157 2668 quo
1197 2589 1499 2661 tendimus»,

299 2670 396 2729 Ad
438 2671 641 2743 lucem,
687 2689 861 2748 quam
903 2671 1206 2734 inhabitas,

939 3191 1039 3232 '12
