2150 3800
485 216 505 253 1
523 215 597 256 20
775 199 780 204 ”
957 191 1020 251 S.
1048 192 1294 269 joannis
1332 190 1592 267 Apostoli.

639 358 846 416 Edicto
888 355 1104 415 steriles
1146 355 1344 430 pulsus
1387 356 1445 412 in
1487 356 1700 414 insulas

639 439 787 497 Exul
828 447 964 495 tunc
1007 437 1166 495 socio
1208 437 1510 511 perfruitur
1549 436 1714 495 Deo:

643 521 757 578 Hic
799 529 1033 577 ventura
1073 518 1241 587 videt,
1285 537 1434 594 quae
1477 519 1700 577 calamo
1741 529 1976 577 notans

809 600 1091 658 Sublustri
1132 599 1341 657 nebula
1383 602 1537 675 tegit.

648 763 741 821 Sic
783 781 891 822 nos
934 761 1194 821 Christus
1237 772 1406 833 amet,
1451 763 1532 820 sic
1575 762 1780 821 doceat
1828 762 1993 842 pati:

643 845 1064 920 Discamusque
1106 845 1269 915 mori,
1314 845 1492 903 simus
1534 853 1597 901 ut
1638 855 1694 902 et
1735 846 1905 903 necis

649 927 855 983 Sacrae
894 925 1237 1000 participes:
1294 944 1413 984 non
1457 925 1579 983 aliis
1619 936 1775 1001 patet

807 1006 1052 1065 Coelum
1095 1007 1534 1066 conditionibus.

642 1168 795 1225 Patri
834 1169 1087 1226 maxima
1127 1169 1266 1238 laus,
1307 1169 1561 1226 maxima
1604 1168 1765 1238 Filio,

645 1250 1084 1327 Amborumque
1126 1268 1291 1309 sacro
1331 1252 1585 1308 maxima
1626 1250 1908 1308 Flamini:

646 1330 812 1389 Haec
854 1342 940 1392 est
981 1342 1136 1390 certa
1177 1332 1338 1403 fides,
1381 1331 1636 1390 fontibus
1679 1351 1711 1390 e
1755 1332 1871 1388 tuis

829 1413 1023 1486 Quam
1064 1413 1331 1472 divinitus
1371 1414 1682 1472 hausimus.

1084 1731 1176 1775 AD
1218 1730 1486 1776 LAUDES.

815 1972 991 2048 Jussu
1031 1969 1255 2046 tyranni
1296 1987 1403 2044 pro
1446 1969 1559 2026 fide

816 2053 1037 2123 PulsuS,
1079 2051 1354 2127 Joan'nes,
1398 2051 1630 2109 exulas:

817 2134 1016 2192 Fertur
1055 2133 1251 2191 volatu
1292 2131 1471 2190 libero

818 2215 989 2273 Mens
1031 2214 1185 2272 celsa
1227 2231 1399 2288 supra
1441 2212 1642 2271 sidera.

818 2377 938 2435 Illic
979 2376 1187 2434 revelat
1230 2394 1292 2434 se
1332 2375 1435 2432 tibi

711 2472 724 2493 ²
821 2458 939 2530 Qui
978 2467 1237 2516 mortuus
1277 2456 1411 2513 vivit
1450 2454 1631 2524 Deus,

818 2541 1022 2615 Agnus
1066 2539 1260 2598 salutis
1303 2537 1504 2607 hostia,

821 2621 896 2678 Et
938 2630 1123 2680 morte
1167 2620 1388 2678 devicta
1428 2619 1537 2676 leo,

823 2784 1050 2840 Arcana
1090 2792 1147 2840 te
1187 2792 1376 2840 vatem
1419 2781 1589 2840 docet

825 2864 1015 2939 Regni
1057 2864 1144 2921 sui
1185 2863 1486 2938 mysteria:
1570 2883 1573 2885 ·

826 2945 1031 3003 Pandit
1073 2963 1274 3003 cruore
1316 2944 1635 3021 Martyrum

824 3026 1054 3103 Ubique
1098 3025 1481 3102 spargendam
1523 3026 1716 3083 fidem.
