2150 3800
700 182 814 243 SS.
855 183 1209 260 Angelorum.

311 346 553 405 Movere
593 346 808 405 bellum
850 347 1009 423 pacis
1052 348 1112 405 in
1154 348 1305 406 atriis

312 430 561 487 Insanus
603 429 762 487 ardet
804 428 1048 499 Lucifer,
1091 439 1147 487 et
1187 430 1326 505 polo

313 510 520 568 Parare
562 510 859 569 dementes
900 511 1092 568 ruinas

311 593 505 667 Atque
546 590 660 650 Dei
701 591 846 651 solio
886 592 1106 652 minari.

314 754 538 812 Invadit
580 754 734 812 idem
774 754 928 812 mille
970 754 1123 814 acies
1164 753 1352 825 furor3

312 834 555 893 Fervent
596 836 843 902 tumultu
883 834 1106 894 sidera:
1157 833 1463 911 grandium

312 916 451 974 Dux
493 935 704 992 magne
746 917 1042 986 bellorum,
1090 916 1374 986 Tonantis

310 997 452 1075 Jura
494 999 659 1060 datur
698 999 799 1057 tibi
840 998 1140 1057 vindicare.

311 1161 446 1219 Hac
487 1160 793 1237 fulguranti
833 1179 989 1232 voce,
1034 1161 1184 1233 Quis
1225 1171 1288 1219 ut
1327 1160 1534 1219 Deus?

307 1243 479 1301 Pellis
521 1244 836 1318 superbos:
889 1253 1150 1302 strenuus
1192 1243 1397 1318 impias

307 1324 539 1382 Vexare
580 1335 811 1395 turmas,
852 1334 912 1383 et
951 1324 1190 1383 rebelles

309 1406 608 1481 Perpetuis
649 1406 886 1481 religare
927 1406 1193 1466 flammis⁶

312 1569 397 1626 Sit
439 1569 561 1629 laus
604 1568 846 1639 Parenti,
889 1569 988 1645 qui
1030 1578 1183 1626 creat
1223 1568 1513 1643 Angelos;

310 1650 421 1708 Per
462 1668 637 1727 quem
678 1650 1026 1726 triumphant
1066 1650 1247 1725 gloria
1288 1650 1464 1707 Filio:

311 1731 449 1803 Quo
491 1733 828 1790 roborantur
869 1732 991 1790 laus
1033 1733 1104 1790 sit
1145 1732 1299 1789 almo

314 1813 576 1888 Spiritui:
623 1814 802 1872 tribus
843 1832 959 1871 una
1000 1830 1244 1888 semper.

811 2191 976 2253 Ocr.
1025 2209 1084 2252 2.

350 2349 450 2407 SS.
494 2345 1020 2406 ANGELORUM
1065 2339 1546 2404 CUSTODUM.

241 2611 329 2652 AD
372 2608 602 2652 PRIMAS
648 2607 949 2652 VESPERAS
994 2606 1078 2649 ET
1119 2601 1422 2648 OFFICIUM
1469 2600 1659 2642 NOC'I‘.

313 2777 597 2837 Custodes
640 2777 939 2836 hominum
980 2773 1277 2850 psallimus
1319 2769 1592 2845 AngeIOS,

313 2859 563 2918 Naturae
607 2859 788 2935 fragili
829 2875 976 2934 quos
1019 2856 1185 2913 Pater
1227 2851 1442 2911 addidit

313 2941 589 3000 Coelestis
632 2941 888 3009 comites,
932 2935 1328 2996 insidiantibus

493 3022 585 3081 Ne
629 3022 1024 3082 succumberet
1065 3017 1342 3077 hostibus.
1413 3038 1419 3042 ·
