2150 3800
495 276 606 329 128

971 270 1085 331 SS.
1126 269 1296 328 Petri
1327 279 1379 328 et
1392 269 1607 329 -Pauli,

569 434 694 491 Vos
737 451 877 509 ergo
918 435 1063 492 votis
1107 433 1430 509 supplicum
1473 434 1831 493 solemnibus

566 516 815 574 Adeste:
865 516 1041 591 lapsis
1083 516 1381 590 impetrate
1420 516 1695 590 gratiam3

567 597 647 655 Ut
690 596 1023 656 Christianis
1065 614 1440 673 assequamur
1482 597 1755 664 moribus,

565 677 733 750 Quae
776 688 973 737 sancta
1013 679 1233 737 mundo
1274 678 1580 737 tradidistis
1622 679 1921 753 dogmata.

569 842 652 898 Sit
695 842 1043 915 sempiterno
1088 840 1435 914 sempiterna
1474 840 1597 899 laus
1641 840 1827 899 Patri:

567 922 734 979 Petro
778 940 1059 997 supernus
1105 939 1281 998 quem
1323 922 1585 980 revelavit
1628 921 1809 988 Pater,

565 1005 813 1060 Aeterne
856 1003 978 1073 Fili,
1021 1004 1144 1061 laus
1187 1001 1289 1060 tibi
1331 1004 1403 1061 sit
1443 1004 1727 1074 maxima:

567 1085 650 1144 Sit
692 1103 796 1161 par
838 1102 1111 1161 supremo
1152 1085 1275 1142 laus
1318 1085 1609 1162 decusque
1652 1085 1919 1144 Flamini.

943 1434 1035 1476 AD
1077 1433 1383 1479 OFFICIUM
1427 1434 1617 1478 NocT.

643 1641 800 1698 Orbe
843 1657 994 1696 nunc
1036 1647 1159 1696 toto
1201 1639 1553 1696 celebrentur
1595 1640 1769 1698 ambo

643 1721 949 1795 PrincipeS,
995 1720 1151 1777 orbis
1194 1720 1370 1777 decus
1412 1730 1583 1797 atque
1626 1722 1838 1791 lumen,

643 1801 801 1860 Mille
845 1803 942 1879 qui
984 1801 1214 1859 Christo
1256 1819 1527 1876 peperere
1570 1803 1725 1860 verbi

807 1884 1035 1943 Semine
1077 1892 1295 1958 gentes.

639 2049 854 2105 Auctor
897 2046 1144 2120 incoepti
1187 2045 1378 2104 Deus:
1438 2046 1529 2103 ille
1571 2057 1746 2105 terras

645 2128 924 2196 Incolens,
968 2128 1180 2201 primas
1223 2128 1340 2198 tibi,
1383 2127 1564 2198 Petre,
1608 2128 1818 2197 defert3

639 2209 782 2268 Mox
826 2220 991 2266 vocat
1033 2207 1292 2278 Paulum,
1337 2227 1566 2284 seperas
1608 2227 1893 2286 regressus
1991 2250 2001 2259 .

801 2289 998 2347 Victor
1038 2290 1114 2349 ad
1156 2307 1331 2350 arceS.

636 2453 795 2510 Alter
837 2452 1049 2509 aeterni
1092 2450 1272 2510 Patris
1315 2452 1564 2510 eruditur

637 2534 799 2591 Voce
842 2533 1108 2608 delapsa:
1167 2551 1337 2607 super
1377 2545 1528 2592 astra
1568 2545 1762 2610 raptus

634 2616 794 2674 Alter
836 2632 1074 2672 arcanae
1119 2632 1280 2672 sacra
1321 2616 1565 2673 veritatis

794 2695 1057 2754 Flumina
1097 2705 1274 2771 potat.

634 2857 868 2928 Quanta
909 2858 1016 2916 sub
1058 2858 1152 2914 vili
1194 2859 1371 2919 latitat
1411 2869 1667 2935 potestas

633 2938 931 3014 Corpore!
990 2938 1248 2997 infirmos
1290 2949 1388 2998 tua
1430 2952 1592 3000 sanat
1633 2940 1847 3009 umbra,

632 3019 834 3079 Petre:
892 3019 1126 3079 lethales
1169 3032 1281 3092 tua,
1324 3021 1517 3095 Paule,
1559 3023 1775 3099 pellunt

790 3101 993 3160 Lintea
1032 3103 1287 3162 morbos.
