2150 3800
480 254 592 310 286
989 247 1066 306 In
1107 246 1271 307 Festo
1310 247 1378 307 S.
1402 249 1601 308 Petri.

798 413 854 473 Ο
897 428 1043 483 vera,
1092 411 1334 483 Christe,
1379 414 1670 485 charitas,

797 495 896 554 Tu
936 503 1134 554 nostra
1174 513 1360 572 purga
1402 497 1681 566 crimina,

800 577 898 635 Tu
940 577 1119 634 corda
1158 577 1316 654 reple
1360 579 1571 652 gratia,

797 658 894 716 Tu
934 659 1112 717 redde
1153 657 1299 716 coeli
1341 660 1629 734 praemia.

794 822 960 891 Patri,
1006 821 1292 897 simulque
1333 821 1499 886 Filio,

790 902 1042 978 Tibique
1085 912 1285 962 sancte
1328 902 1595 978 Spiritus,

794 983 953 1042 Sicut
994 985 1118 1055 fuit,
1162 985 1235 1043 sit
1271 985 1485 1061 jugiter

792 1065 1060 1125 Saeclum
1101 1085 1208 1142 per
1248 1084 1426 1124 omne
1465 1065 1679 1142 gloria.

981 1245 1071 1286 AD
1115 1243 1557 1288 MATUTINUM.

788 1366 978 1429 Maria
1019 1371 1194 1429 castis
1236 1371 1450 1430 osculis

789 1453 1021 1512 Lambit
1061 1452 1177 1511 Dei
1218 1452 1493 1527 vestigia:

788 1534 953 1592 Fletu
993 1535 1156 1610 rigat,
1200 1534 1370 1609 tergit
1412 1535 1623 1605 comis,

725 1634 738 1663 t
788 1614 1035 1675 Detersa
1076 1616 1260 1674 nardo
1301 1615 1544 1691 perlinit.

789 1777 922 1835 Deo
967 1778 1121 1836 Patri
1166 1779 1237 1837 sit
1277 1779 1476 1854 gloria,
1554 1836 1567 1851 ‚

786 1859 1049 1936 Ejusque
1093 1860 1203 1920 soli
1245 1860 1411 1931 Filio,

786 1941 940 1999 Cum
987 1941 1200 2017 Spiritu
1242 1940 1525 2000 Paraclito

785 2022 978 2094 Nunc,
1022 2033 1079 2081 et
1122 2041 1228 2099 per
1268 2041 1444 2082 omne
1487 2024 1812 2082 saeculum.

1025 2329 1149 2409 'IN
1194 2348 1493 2408 FESTOx

778 2471 834 2529 S.
879 2469 1131 2529 PETRI
1175 2451 1291 2528 AD
1334 2467 1728 2528 VINCULA.

1020 2666 1114 2708 AD
1158 2665 1431 2709 VESPERA
1440 2667 1487 2709 S.

612 2785 776 2844 Miris
819 2786 1010 2844 modis
1051 2795 1292 2862 repente
1333 2786 1492 2853 liber,
1535 2787 1722 2844 ferrea

607 2867 837 2925 Christo
875 2868 1113 2943 jubente
1154 2868 1342 2926 vincla
1384 2868 1586 2926 Petrus
1630 2870 1815 2925 exuit:

609 2949 788 3008 Ovilis
832 2949 924 3006 ille
966 2959 1180 3026 pastor,
1226 2958 1283 3007 et
1323 2960 1510 3008 rector
1551 2950 1759 3026 gregiS,

605 3030 773 3087 Vitae
815 3031 1052 3089 recludit
1094 3050 1327 3108 pascua,
1371 3041 1428 3090 et
1470 3030 1662 3089 fontes
1705 3049 1899 3096 sacros,

605 3111 875 3188 Ovesque
920 3122 1102 3171 servat
1143 3114 1404 3184 creditas,
1449 3123 1604 3171 arcet
1648 3113 1823 3188 lupos,
