2150 3800
730 235 1021 306 Abbatum,
1062 242 1151 296 etc.

192 400 393 458 Votis
432 399 750 470 unanimes,
791 399 845 458 vi
888 416 1120 476 quoque
1161 399 1397 459 fletuum

194 483 460 553 Instant,
503 491 560 540 et
601 481 788 540 socias
829 481 1185 556 ingeminant
1226 499 1435 558 preces

384 563 458 620 Et
498 563 880 636 concordibus
922 563 1096 621 armis

384 644 522 703 Vim
562 645 727 703 coelo
769 644 937 703 simul
976 643 1238 703 inferunt.

200 808 391 866 Haec
434 809 516 866 vis
557 816 720 883 grata
759 807 923 866 Deo:
965 807 1047 865 sic
1091 817 1245 866 amat
1286 809 1538 884 optimus

200 890 394 948 Vinci
435 907 540 964 per
579 890 875 965 lacrymaS,
916 906 1020 965 per
1059 889 1324 963 gemitus,
1368 889 1570 948 Pater:

388 970 483 1029 Sic
526 971 681 1030 duris
720 979 998 1029 reseratur

387 1051 633 1111 Coclum
673 1051 1115 1126 conditionibus·

207 1215 467 1272 Fervent
508 1212 741 1289 quando
783 1213 875 1271 die
916 1222 1124 1272 cuncta
1163 1214 1512 1286 tumultibuS,

208 1296 424 1354 Altum
465 1295 629 1353 turba
671 1295 825 1353 silet:
870 1302 1058 1353 cetera
1097 1293 1238 1353 dum
1278 1305 1485 1368 tacent,

388 1377 471 1434 Hi
511 1395 614 1453 per
654 1377 874 1435 cantica
913 1387 1185 1453 rumpunt

389 1458 592 1518 Noctis
633 1458 809 1534 longa
849 1458 1087 1518 silentia.

215 1622 473 1679 Exercet
513 1620 710 1696 vigiles
752 1621 1056 1680 continuus
1099 1622 1292 1692 labor;

219 1703 579 1761 Incumbunt
619 1703 779 1779 operi
818 1720 938 1760 non
977 1702 1194 1762 resides
1234 1721 1475 1775 manus;

392 1782 591 1841 Tellus
632 1784 782 1843 culta
822 1784 1041 1843 colonis

396 1864 633 1924 Victum
675 1867 1001 1943 suppeditat
1042 1866 1177 1926 suis,

225 2029 390 2100 Quin
431 2014 629 2103 regina
671 2029 758 2086 sui
799 2047 965 2088 mens
1008 2047 1239 2105 quoque
1282 2030 1555 2101 subditur,

226 2109 608 2184 Rectorisque
652 2110 840 2170 studet
880 2111 1111 2168 nutibus
1154 2110 1430 2187 obsequi:

260 2184 275 2201 '
394 2190 492 2249 Nil
533 2198 717 2249 servat
759 2191 867 2249 sibi
904 2192 1061 2268 juris,

392 2271 581 2348 Capto
622 2272 849 2331 liberior
888 2273 1048 2350 jugo.

225 2436 512 2493 Aetemus
555 2434 626 2492 sit
668 2433 854 2493 honos
896 2434 1153 2510 ingenito
1196 2434 1379 2493 Patri:

232 2515 316 2574 Sit
355 2534 463 2592 par
503 2516 788 2592 unigenae
828 2517 1011 2592 gloria
1052 2514 1231 2574 Filio:

396 2597 553 2655 Sacri
593 2616 777 2657 nexus
821 2599 1049 2669 amoriS,

396 2677 551 2738 Laus
594 2697 831 2756 compar
872 2680 990 2751 tibi,
1035 2678 1295 2756 Spiritus.

1627 259 1732 314 191
