2150 3800
482 269 588 322 ¹44
913 250 990 309 In
1030 248 1237 308 Decoll.
1277 249 1332 308 S.
1360 248 1629 326 sommis:

633 411 799 472 Haec
839 423 973 473 vota
1011 412 1250 472 tandem
1290 413 1390 490 qui
1429 414 1722 486 cumulas,
1777 417 1983 484 Pater,

631 494 911 553 Succurre
953 495 1182 566 nostriS,
1225 495 1457 571 auspice
1501 495 1690 567 Filio;

627 573 876 634 Infunde
918 594 1161 646 sacrum,
1205 594 1326 652 quo
1364 576 1654 652 vigemus,

633 656 983 728 Pectoribus,
1025 656 1192 716 Deus
1232 658 1399 729 alme,
1442 658 1715 729 Flamen,

1101 962 1276 1025 Auo.
1324 983 1423 1046 29.

869 1107 957 1166 IN
1000 1108 1657 1169 DECOLLATIONE

778 1230 835 1289 S.
878 1229 1227 1307 JOANNIS
1270 1229 1764 1290 BAPTISTAE.

887 1456 980 1500 AD
1023 1456 1256 1501 PRIMAs
1302 1456 1624 1501 VESPERAS.

616 1608 763 1679 Quis
805 1609 912 1680 ille,
957 1610 1125 1685 sylvis
1168 1628 1202 1667 e
1241 1610 1624 1686 penetralibus

613 1690 912 1765 Egressus,
956 1691 1030 1749 ad
1072 1710 1136 1750 se
1178 1701 1261 1750 tot
1301 1692 1549 1768 populos
1590 1693 1767 1753 trahit
1787 1698 1813 1752 ?

614 1772 708 1830 Ab
749 1790 848 1830 ore
890 1772 1207 1848 pendentes
1249 1773 1532 1850 loquentis

611 1852 747 1925 Qua
789 1854 978 1914 subito
1019 1863 1174 1914 tenet
1215 1864 1334 1914 arte
1375 1855 1610 1915 turbas?

609 2016 704 2074 An
746 2017 836 2074 ille
877 2017 1027 2075 fastu
1066 2017 1302 2092 regifico
1343 2026 1585 2084 tumens,

611 2096 776 2154 Molli
819 2098 1036 2157 solutus
1079 2098 1280 2157 diffluit
1320 2099 1479 2157 otio?

609 2177 849 2237 Levisne
891 2180 1112 2238 arundo
1153 2180 1449 2238 ventilatur

608 2260 858 2318 Arbitrio
898 2262 1191 2338 popularis
1231 2262 1442 2319 aurae?

604 2423 780 2497 Atqui
822 2433 906 2480 ter
947 2441 1131 2482 annos
1170 2425 1292 2500 jam
1334 2423 1524 2482 decies
1565 2424 1734 2481 trahit

605 2503 797 2561 Vitam
839 2505 899 2561 in
939 2504 1240 2580 profundis
1283 2505 1518 2564 saltibus
1559 2523 1846 2580 asperam,

604 2584 840 2644 Virtutis
882 2585 1043 2644 Eliae
1085 2587 1304 2646 futurus

602 2666 792 2742 Atque
835 2668 1008 2725 animi
1047 2685 1363 2744 generosus
1404 2667 1621 2728 haeres

599 2829 757 2905 Ergo
801 2848 1057 2888 severam
1101 2829 1371 2889 Numinis
1413 2830 1684 2888 omnibus

601 2908 867 2970 Ostentat
909 2913 1069 2984 iram,
1114 2930 1234 2970 non
1275 2912 1508 2971 timidus
1549 2913 1736 2970 mori:

598 2993 866 3052 Assertor
907 3012 1038 3052 acer
1078 2994 1341 3059 veritatis,

577 3072 668 3129 'In
709 3092 975 3149 proceres
1016 3085 1177 3134 tonat
1218 3076 1391 3151 inque
1432 3074 1679 3150 plebem.
