2150 3800
519 1097 1111 1160 PRAEFATIO.

10 1687 75 1730 113
119 1685 298 1731 mirum
331 1682 430 1738 tibi,
462 1682 629 1728 Lector
659 1681 893 1736 benevole,
918 1680 1141 1735 videatur,
1174 1680 1400 1741 Hymnos,
1424 1696 1536 1740 quos
1571 1680 1615 1726 in

10 1810 225 1856 nauibus
247 1808 404 1863 habes,
429 1816 474 1854 et
504 1806 694 1853 materie
717 1812 919 1851 vetustos
943 1813 988 1851 et
1023 1805 1142 1860 stilo,
1165 1804 1392 1851 hodiernis
1426 1806 1546 1866 typis
1571 1813 1617 1852 et

10 1935 344 1980 lodiernorum
384 1932 530 1979 favori
571 1946 665 1978 esse
707 1931 1067 1977 commendatos.
1135 1930 1244 1975 Non
1287 1929 1408 1976 enim
1450 1930 1530 1977 abs
1570 1938 1617 1975 te

10 2057 230 2119 exigitur,
253 2063 306 2100 ut
329 2053 541 2114 quicquid
564 2053 640 2098 hic
663 2052 879 2111 scriptum
901 2051 1140 2106 inveneris,
1165 2052 1211 2097 id
1243 2052 1290 2096 in
1313 2052 1460 2098 sinum
1483 2059 1615 2098 tuum

10 2180 206 2239 recipias
229 2178 367 2231 illico,
391 2176 560 2236 absque
585 2175 722 2221 animi
755 2174 846 2221 ulla
871 2174 1196 2220 exercitatione
1220 2182 1299 2220 aut
1321 2175 1493 2233 judicio
1517 2184 1615 2221 tuo.

10 2303 181 2361 Neque
204 2301 280 2361 qui
311 2308 467 2346 totum
499 2297 668 2358 aliquid
699 2298 792 2343 edit
815 2298 862 2342 in
894 2298 1141 2356 publicum,
1165 2298 1291 2343 illum
1315 2306 1498 2356 oportet
1521 2298 1619 2342 uni-

10 2417 131 2462 versi
158 2415 305 2474 operis
325 2416 372 2459 in
401 2414 575 2475 singula
609 2427 814 2473 quaeque
845 2414 1008 2472 jurare,
1033 2422 1113 2459 aut
1146 2415 1194 2458 in
1226 2429 1376 2460 rerum
1411 2414 1616 2473 squalore

12 2538 251 2584 immorari
274 2538 395 2597 quod
418 2537 463 2581 in
496 2537 766 2595 antiquitate
789 2544 1005 2583 versatur.
1071 2537 1173 2583 Alia
1208 2538 1421 2583 nimirum
1446 2547 1548 2584 sunt
1572 2538 1618 2582 in

12 2661 326 2708 monumentis
348 2669 555 2707 veterum
579 2660 789 2719 simplicis
822 2676 878 2707 ac
900 2661 1114 2720 pristinae
1147 2671 1336 2709 naturae
1360 2662 1584 2709 elementa
1605 2680 1617 2718 ;

18 2797 198 2841 prorsus
221 2783 341 2829 aliud
365 2791 628 2829 concretum
652 2782 828 2837 vitium,
853 2791 899 2828 et
923 2784 1073 2829 sordes
1099 2792 1371 2843 temporum.
1427 2783 1616 2829 Cordati

23 2917 178 2979 aute1n
198 2908 395 2954 hominis
429 2916 510 2963 est,
533 2922 679 2967 neque
712 2908 918 2953 obsoleta
953 2923 1036 2966 pro
1070 2908 1239 2966 priscis,
1263 2922 1347 2952 nec
1380 2908 1615 2968 peregrina

25 3043 102 3087 pro
126 3032 248 3077 falsis
271 3031 452 3076 habere.

92 3156 228 3214 Qod
266 3155 448 3216 quidem
483 3155 661 3217 optimo
695 3155 883 3204 consilio
917 3162 1072 3202 actum
1108 3161 1174 3201 est
1209 3151 1318 3198 olim
1354 3166 1379 3199 a
1414 3152 1616 3211 patribus

2071 1685 2147 2102 'mentem
2090 1609 2147 1627 Ι
2093 1197 2147 1575 masmim

2079 2871 2144 3026 'itm
2063 2330 2147 2816 maximius-1³⁴1*
2069 2166 2147 2261 Gk:
2093 2086 2147 2101 Ι
