<?xml version="1.0" encoding="UTF-8"?>
<!DOCTYPE html PUBLIC "-//W3C//DTD XHTML 1.0 Transitional//EN"
    "http://www.w3.org/TR/xhtml1/DTD/xhtml1-transitional.dtd">
<html xmlns="http://www.w3.org/1999/xhtml" xml:lang="en" lang="en">
 <head>
  <title>
</title>
<meta http-equiv="Content-Type" content="text/html;charset=utf-8" />
  <meta name='ocr-system' content='tesseract 3.04.00' />
  <meta name='ocr-capabilities' content='ocr_page ocr_carea ocr_par ocr_line ocrx_word'/>
</head>
<body>
  <div class='ocr_page' id='page_1' title='image "./hymniecclesiae00unkngoog_0120.png"; bbox 0 0 2150 3800; ppageno 0'>
   <div class='ocr_carea' id='block_1_1' title="bbox 1000 229 1620 291">
    <p class='ocr_par' dir='ltr' id='par_1_1' title="bbox 1000 229 1620 291">
     <span class='ocr_line' id='line_1_1' title="bbox 1000 229 1620 291; baseline 0.005 -3"><span class='ocrx_word' id='word_1_1' title='bbox 1000 229 1076 288; x_wconf 88' lang='lat' dir='ltr'>In</span> <span class='ocrx_word' id='word_1_2' title='bbox 1118 229 1233 290; x_wconf 77' lang='lat' dir='ltr'>Die</span> <span class='ocrx_word' id='word_1_3' title='bbox 1270 229 1620 291; x_wconf 81' lang='lat' dir='ltr'>Pentecostes.</span> 
     </span>
    </p>
   </div>
   <div class='ocr_carea' id='block_1_2' title="bbox 663 394 1849 700">
    <p class='ocr_par' dir='ltr' id='par_1_2' title="bbox 663 394 1849 617">
     <span class='ocr_line' id='line_1_2' title="bbox 663 394 1849 469; baseline 0.001 -15"><span class='ocrx_word' id='word_1_4' title='bbox 663 395 1031 469; x_wconf 88' lang='lat' dir='ltr'>Compuncta</span> <span class='ocrx_word' id='word_1_5' title='bbox 1072 394 1290 468; x_wconf 86' lang='lat' dir='ltr'>passim</span> <span class='ocrx_word' id='word_1_6' title='bbox 1333 404 1569 469; x_wconf 83' lang='lat' dir='ltr'>pectora</span> <span class='ocrx_word' id='word_1_7' title='bbox 1610 395 1849 455; x_wconf 87' lang='lat' dir='ltr'>fletibus</span> 
     </span>
     <span class='ocr_line' id='line_1_3' title="bbox 666 476 1692 551; baseline 0.001 -18"><span class='ocrx_word' id='word_1_8' title='bbox 666 476 933 535; x_wconf 90' lang='lat' dir='ltr'>Moerent</span> <span class='ocrx_word' id='word_1_9' title='bbox 975 476 1202 547; x_wconf 87' lang='lat' dir='ltr'>amaris,</span> <span class='ocrx_word' id='word_1_10' title='bbox 1245 483 1416 551; x_wconf 90' lang='lat' dir='ltr'>atque</span> <span class='ocrx_word' id='word_1_11' title='bbox 1459 477 1692 551; x_wconf 88' lang='lat' dir='ltr'>piaculo</span> 
     </span>
     <span class='ocr_line' id='line_1_4' title="bbox 663 556 1430 617; baseline -0.004 -1"><span class='ocrx_word' id='word_1_12' title='bbox 663 558 883 616; x_wconf 90' lang='lat' dir='ltr'>Ardent</span> <span class='ocrx_word' id='word_1_13' title='bbox 925 556 1184 614; x_wconf 83' lang='lat' dir='ltr'>salutaris</span> <span class='ocrx_word' id='word_1_14' title='bbox 1225 556 1430 617; x_wconf 88' lang='lat' dir='ltr'>lavacri</span> 
     </span>
    </p>

    <p class='ocr_par' dir='ltr' id='par_1_3' title="bbox 663 637 1489 700">
     <span class='ocr_line' id='line_1_5' title="bbox 663 637 1489 700; baseline 0.002 -2"><span class='ocrx_word' id='word_1_15' title='bbox 663 638 998 698; x_wconf 86' lang='lat' dir='ltr'>Praeteritas</span> <span class='ocrx_word' id='word_1_16' title='bbox 1040 637 1272 696; x_wconf 87' lang='lat' dir='ltr'>abolere</span> <span class='ocrx_word' id='word_1_17' title='bbox 1312 638 1489 700; x_wconf 75' lang='lat' dir='ltr'>labes·</span> 
     </span>
    </p>
   </div>
   <div class='ocr_carea' id='block_1_3' title="bbox 637 799 1758 861">
    <p class='ocr_par' dir='ltr' id='par_1_4' title="bbox 637 799 1758 861">
     <span class='ocr_line' id='line_1_6' title="bbox 637 799 1758 861; baseline -0.002 -1"><span class='ocrx_word' id='word_1_18' title='bbox 637 803 741 860; x_wconf 80' lang='lat' dir='ltr'>,At</span> <span class='ocrx_word' id='word_1_19' title='bbox 782 818 903 859; x_wconf 90' lang='lat' dir='ltr'>non</span> <span class='ocrx_word' id='word_1_20' title='bbox 948 799 1235 857; x_wconf 88' lang='lat' dir='ltr'>Hebraeis</span> <span class='ocrx_word' id='word_1_21' title='bbox 1278 800 1549 858; x_wconf 89' lang='lat' dir='ltr'>limitibus</span> <span class='ocrx_word' id='word_1_22' title='bbox 1595 820 1758 861; x_wconf 90' lang='lat' dir='ltr'>sacer</span> 
     </span>
    </p>
   </div>
   <div class='ocr_carea' id='block_1_4' title="bbox 663 881 1744 1121">
    <p class='ocr_par' dir='ltr' id='par_1_5' title="bbox 663 881 1744 1121">
     <span class='ocr_line' id='line_1_7' title="bbox 667 881 1744 943; baseline -0.001 -1"><span class='ocrx_word' id='word_1_23' title='bbox 667 882 946 942; x_wconf 85' lang='lat' dir='ltr'>Haerebit</span> <span class='ocrx_word' id='word_1_24' title='bbox 989 881 1174 939; x_wconf 90' lang='lat' dir='ltr'>ardor.</span> <span class='ocrx_word' id='word_1_25' title='bbox 1262 881 1362 939; x_wconf 91' lang='lat' dir='ltr'>Sol</span> <span class='ocrx_word' id='word_1_26' title='bbox 1403 881 1744 943; x_wconf 84' lang='lat' dir='ltr'>habitabiles</span> 
     </span>
     <span class='ocr_line' id='line_1_8' title="bbox 666 962 1730 1039; baseline 0.001 -18"><span class='ocrx_word' id='word_1_27' title='bbox 666 965 800 1036; x_wconf 86' lang='lat' dir='ltr'>Qua</span> <span class='ocrx_word' id='word_1_28' title='bbox 843 963 1040 1021; x_wconf 90' lang='lat' dir='ltr'>lustrat</span> <span class='ocrx_word' id='word_1_29' title='bbox 1083 980 1230 1032; x_wconf 82' lang='lat' dir='ltr'>oraS,</span> <span class='ocrx_word' id='word_1_30' title='bbox 1273 962 1382 1021; x_wconf 90' lang='lat' dir='ltr'>hac</span> <span class='ocrx_word' id='word_1_31' title='bbox 1422 964 1730 1039; x_wconf 87' lang='lat' dir='ltr'>triumphis</span> 
     </span>
     <span class='ocr_line' id='line_1_9' title="bbox 663 1045 1626 1121; baseline -0.004 -15"><span class='ocrx_word' id='word_1_32' title='bbox 663 1046 935 1106; x_wconf 87' lang='lat' dir='ltr'>Materies</span> <span class='ocrx_word' id='word_1_33' title='bbox 976 1054 1135 1121; x_wconf 83' lang='lat' dir='ltr'>patet</span> <span class='ocrx_word' id='word_1_34' title='bbox 1175 1045 1370 1120; x_wconf 86' lang='lat' dir='ltr'>ampla</span> <span class='ocrx_word' id='word_1_35' title='bbox 1410 1046 1626 1104; x_wconf 89' lang='lat' dir='ltr'>vestris.</span> 
     </span>
    </p>
   </div>
   <div class='ocr_carea' id='block_1_5' title="bbox 662 1207 1901 1512">
    <p class='ocr_par' dir='ltr' id='par_1_6' title="bbox 662 1207 1901 1512">
     <span class='ocr_line' id='line_1_10' title="bbox 662 1207 1901 1286; baseline -0.004 -19"><span class='ocrx_word' id='word_1_36' title='bbox 662 1208 796 1286; x_wconf 86' lang='lat' dir='ltr'>Jarn</span> <span class='ocrx_word' id='word_1_37' title='bbox 837 1208 991 1265; x_wconf 88' lang='lat' dir='ltr'>mille</span> <span class='ocrx_word' id='word_1_38' title='bbox 1034 1207 1230 1265; x_wconf 89' lang='lat' dir='ltr'>divum</span> <span class='ocrx_word' id='word_1_39' title='bbox 1272 1208 1489 1283; x_wconf 90' lang='lat' dir='ltr'>templa</span> <span class='ocrx_word' id='word_1_40' title='bbox 1531 1208 1659 1266; x_wconf 92' lang='lat' dir='ltr'>solo</span> <span class='ocrx_word' id='word_1_41' title='bbox 1702 1221 1901 1266; x_wconf 87' lang='lat' dir='ltr'>ruunt:</span> 
     </span>
     <span class='ocr_line' id='line_1_11' title="bbox 663 1288 1662 1365; baseline -0.002 -16"><span class='ocrx_word' id='word_1_42' title='bbox 663 1291 833 1349; x_wconf 90' lang='lat' dir='ltr'>Cedit</span> <span class='ocrx_word' id='word_1_43' title='bbox 876 1289 1158 1365; x_wconf 87' lang='lat' dir='ltr'>superbae</span> <span class='ocrx_word' id='word_1_44' title='bbox 1200 1288 1283 1346; x_wconf 88' lang='lat' dir='ltr'>vis</span> <span class='ocrx_word' id='word_1_45' title='bbox 1328 1290 1662 1365; x_wconf 86' lang='lat' dir='ltr'>sapientiae,</span> 
     </span>
     <span class='ocr_line' id='line_1_12' title="bbox 665 1370 1565 1445; baseline -0.002 -14"><span class='ocrx_word' id='word_1_46' title='bbox 665 1372 896 1431; x_wconf 90' lang='lat' dir='ltr'>Cedunt</span> <span class='ocrx_word' id='word_1_47' title='bbox 938 1370 1179 1445; x_wconf 88' lang='lat' dir='ltr'>tyranni,</span> <span class='ocrx_word' id='word_1_48' title='bbox 1223 1371 1371 1428; x_wconf 89' lang='lat' dir='ltr'>victa</span> <span class='ocrx_word' id='word_1_49' title='bbox 1413 1372 1565 1429; x_wconf 91' lang='lat' dir='ltr'>cedit</span> 
     </span>
     <span class='ocr_line' id='line_1_13' title="bbox 663 1451 1586 1512; baseline -0.001 0"><span class='ocrx_word' id='word_1_50' title='bbox 663 1453 1012 1512; x_wconf 88' lang='lat' dir='ltr'>Carnificum</span> <span class='ocrx_word' id='word_1_51' title='bbox 1053 1451 1240 1509; x_wconf 87' lang='lat' dir='ltr'>rabies</span> <span class='ocrx_word' id='word_1_52' title='bbox 1282 1451 1586 1511; x_wconf 89' lang='lat' dir='ltr'>furentum.</span> 
     </span>
    </p>
   </div>
   <div class='ocr_carea' id='block_1_6' title="bbox 663 1614 1943 1936">
    <p class='ocr_par' dir='ltr' id='par_1_7' title="bbox 663 1614 1943 1864">
     <span class='ocr_line' id='line_1_14' title="bbox 666 1614 1701 1691; baseline -0.001 -18"><span class='ocrx_word' id='word_1_53' title='bbox 666 1616 900 1674; x_wconf 89' lang='lat' dir='ltr'>Novum</span> <span class='ocrx_word' id='word_1_54' title='bbox 941 1618 1192 1691; x_wconf 85' lang='lat' dir='ltr'>potentis</span> <span class='ocrx_word' id='word_1_55' title='bbox 1233 1616 1413 1690; x_wconf 88' lang='lat' dir='ltr'>gratia</span> <span class='ocrx_word' id='word_1_56' title='bbox 1458 1614 1701 1691; x_wconf 87' lang='lat' dir='ltr'>Spiritus</span> 
     </span>
     <span class='ocr_line' id='line_1_15' title="bbox 663 1697 1943 1772; baseline -0.005 -17"><span class='ocrx_word' id='word_1_57' title='bbox 663 1697 890 1756; x_wconf 89' lang='lat' dir='ltr'>Creavit</span> <span class='ocrx_word' id='word_1_58' title='bbox 932 1698 1167 1755; x_wconf 87' lang='lat' dir='ltr'>orbem:</span> <span class='ocrx_word' id='word_1_59' title='bbox 1224 1714 1333 1754; x_wconf 91' lang='lat' dir='ltr'>nos</span> <span class='ocrx_word' id='word_1_60' title='bbox 1375 1714 1625 1772; x_wconf 92' lang='lat' dir='ltr'>quoque,</span> <span class='ocrx_word' id='word_1_61' title='bbox 1668 1713 1778 1753; x_wconf 89' lang='lat' dir='ltr'>nos</span> <span class='ocrx_word' id='word_1_62' title='bbox 1821 1706 1943 1756; x_wconf 85' lang='lat' dir='ltr'>tuae</span> 
     </span>
     <span class='ocr_line' id='line_1_16' title="bbox 667 1779 1504 1864; baseline -0.002 -27"><span class='ocrx_word' id='word_1_63' title='bbox 667 1779 991 1837; x_wconf 87' lang='lat' dir='ltr'>Succendat</span> <span class='ocrx_word' id='word_1_64' title='bbox 1033 1779 1219 1864; x_wconf 70' lang='lat' dir='ltr'>ardor⁸</span> <span class='ocrx_word' id='word_1_65' title='bbox 1245 1779 1504 1848; x_wconf 83' lang='lat' dir='ltr'>caritatiS,</span> 
     </span>
    </p>

    <p class='ocr_par' dir='ltr' id='par_1_8' title="bbox 665 1860 1664 1936">
     <span class='ocr_line' id='line_1_17' title="bbox 665 1860 1664 1936; baseline -0.003 -17"><span class='ocrx_word' id='word_1_66' title='bbox 665 1860 836 1919; x_wconf 88' lang='lat' dir='ltr'>Alme</span> <span class='ocrx_word' id='word_1_67' title='bbox 879 1860 1059 1932; x_wconf 91' lang='lat' dir='ltr'>Deus,</span> <span class='ocrx_word' id='word_1_68' title='bbox 1104 1868 1450 1936; x_wconf 91' lang='lat' dir='ltr'>renovetque</span> <span class='ocrx_word' id='word_1_69' title='bbox 1492 1867 1664 1918; x_wconf 88' lang='lat' dir='ltr'>totos.</span> 
     </span>
    </p>
   </div>
   <div class='ocr_carea' id='block_1_7' title="bbox 663 2022 1934 2344">
    <p class='ocr_par' dir='ltr' id='par_1_9' title="bbox 663 2022 1934 2344">
     <span class='ocr_line' id='line_1_18' title="bbox 665 2022 1903 2098; baseline -0.001 -18"><span class='ocrx_word' id='word_1_70' title='bbox 665 2023 817 2080; x_wconf 87' lang='lat' dir='ltr'>Laus</span> <span class='ocrx_word' id='word_1_71' title='bbox 862 2041 1092 2081; x_wconf 88' lang='lat' dir='ltr'>summa</span> <span class='ocrx_word' id='word_1_72' title='bbox 1133 2023 1298 2093; x_wconf 89' lang='lat' dir='ltr'>Patri,</span> <span class='ocrx_word' id='word_1_73' title='bbox 1343 2040 1685 2098; x_wconf 89' lang='lat' dir='ltr'>summaque</span> <span class='ocrx_word' id='word_1_74' title='bbox 1729 2022 1903 2090; x_wconf 91' lang='lat' dir='ltr'>Filio;</span> 
     </span>
     <span class='ocr_line' id='line_1_19' title="bbox 667 2102 1934 2185; baseline 0.002 -24"><span class='ocrx_word' id='word_1_75' title='bbox 667 2104 765 2173; x_wconf 91' lang='lat' dir='ltr'>Sit,</span> <span class='ocrx_word' id='word_1_76' title='bbox 811 2115 1023 2176; x_wconf 89' lang='lat' dir='ltr'>sancte,</span> <span class='ocrx_word' id='word_1_77' title='bbox 1069 2122 1306 2180; x_wconf 90' lang='lat' dir='ltr'>compar</span> <span class='ocrx_word' id='word_1_78' title='bbox 1346 2104 1471 2162; x_wconf 86' lang='lat' dir='ltr'>laus</span> <span class='ocrx_word' id='word_1_79' title='bbox 1513 2104 1633 2174; x_wconf 90' lang='lat' dir='ltr'>tibi,</span> <span class='ocrx_word' id='word_1_80' title='bbox 1681 2102 1934 2185; x_wconf 75' lang='lat' dir='ltr'>Spiritus,</span> 
     </span>
     <span class='ocr_line' id='line_1_20' title="bbox 663 2185 1660 2261; baseline -0.001 -18"><span class='ocrx_word' id='word_1_81' title='bbox 663 2185 800 2257; x_wconf 90' lang='lat' dir='ltr'>Quo</span> <span class='ocrx_word' id='word_1_82' title='bbox 844 2187 958 2248; x_wconf 84' lang='lat' dir='ltr'>dua</span> <span class='ocrx_word' id='word_1_83' title='bbox 1000 2187 1321 2256; x_wconf 86' lang='lat' dir='ltr'>mitescunt,</span> <span class='ocrx_word' id='word_1_84' title='bbox 1364 2203 1660 2261; x_wconf 89' lang='lat' dir='ltr'>novasque</span> 
     </span>
     <span class='ocr_line' id='line_1_21' title="bbox 665 2266 1690 2344; baseline 0 -19"><span class='ocrx_word' id='word_1_85' title='bbox 665 2266 1012 2343; x_wconf 90' lang='lat' dir='ltr'>Concipiunt</span> <span class='ocrx_word' id='word_1_86' title='bbox 1052 2269 1149 2344; x_wconf 91' lang='lat' dir='ltr'>pia</span> <span class='ocrx_word' id='word_1_87' title='bbox 1190 2268 1367 2326; x_wconf 89' lang='lat' dir='ltr'>corda</span> <span class='ocrx_word' id='word_1_88' title='bbox 1408 2267 1690 2325; x_wconf 77' lang='lat' dir='ltr'>flammas,</span> 
     </span>
    </p>
   </div>
   <div class='ocr_carea' id='block_1_8' title="bbox 971 2589 1635 2640">
    <p class='ocr_par' dir='ltr' id='par_1_10' title="bbox 971 2589 1635 2640">
     <span class='ocr_line' id='line_1_22' title="bbox 971 2589 1635 2640; baseline -0.003 -4"><span class='ocrx_word' id='word_1_89' title='bbox 971 2591 1061 2637; x_wconf 81' lang='lat' dir='ltr'>AD</span> <span class='ocrx_word' id='word_1_90' title='bbox 1106 2589 1635 2640; x_wconf 80' lang='lat' dir='ltr'><strong>COMPLETORIUM.</strong></span> 
     </span>
    </p>
   </div>
   <div class='ocr_carea' id='block_1_9' title="bbox 826 2791 1681 3100">
    <p class='ocr_par' dir='ltr' id='par_1_11' title="bbox 826 2791 1681 3100">
     <span class='ocr_line' id='line_1_23' title="bbox 826 2791 1595 2868; baseline 0.004 -19"><span class='ocrx_word' id='word_1_91' title='bbox 826 2791 1003 2851; x_wconf 92' lang='lat' dir='ltr'>Adsis</span> <span class='ocrx_word' id='word_1_92' title='bbox 1040 2811 1293 2868; x_wconf 89' lang='lat' dir='ltr'>superne</span> <span class='ocrx_word' id='word_1_93' title='bbox 1339 2792 1595 2868; x_wconf 89' lang='lat' dir='ltr'>Spiritus,</span> 
     </span>
     <span class='ocr_line' id='line_1_24' title="bbox 826 2873 1681 2950; baseline 0 -20"><span class='ocrx_word' id='word_1_94' title='bbox 826 2873 993 2931; x_wconf 88' lang='lat' dir='ltr'>Pater</span> <span class='ocrx_word' id='word_1_95' title='bbox 1032 2874 1283 2949; x_wconf 87' lang='lat' dir='ltr'>benigne</span> <span class='ocrx_word' id='word_1_96' title='bbox 1325 2892 1681 2950; x_wconf 89' lang='lat' dir='ltr'>pauperum:</span> 
     </span>
     <span class='ocr_line' id='line_1_25' title="bbox 835 2955 1544 3031; baseline -0.001 -18"><span class='ocrx_word' id='word_1_97' title='bbox 835 2955 1091 3031; x_wconf 89' lang='lat' dir='ltr'>Sinuque</span> <span class='ocrx_word' id='word_1_98' title='bbox 1133 2956 1341 3014; x_wconf 88' lang='lat' dir='ltr'>fundas</span> <span class='ocrx_word' id='word_1_99' title='bbox 1382 2957 1544 3013; x_wconf 89' lang='lat' dir='ltr'>uberi</span> 
     </span>
     <span class='ocr_line' id='line_1_26' title="bbox 827 3036 1620 3100; baseline 0.001 -7"><span class='ocrx_word' id='word_1_100' title='bbox 827 3036 1120 3100; x_wconf 87' lang='lat' dir='ltr'>Promissa</span> <span class='ocrx_word' id='word_1_101' title='bbox 1161 3037 1321 3097; x_wconf 90' lang='lat' dir='ltr'>terris</span> <span class='ocrx_word' id='word_1_102' title='bbox 1364 3055 1620 3097; x_wconf 88' lang='lat' dir='ltr'>munera.</span> 
     </span>
    </p>
   </div>
  </div>
 </body>
</html>
