2150 3800
499 183 578 243 In
618 182 784 242 Festo
826 182 1135 244 Trt'nitatzk.

335 347 500 408 Dum
539 365 658 406 nox
700 347 871 406 creati
913 346 1142 412 luminis

330 429 515 511 Jubar
553 429 802 488 tenebris
844 428 1048 499 obruit,

337 511 654 587 Splendere
695 521 758 569 tu
797 528 918 568 non
960 510 1206 583 desinaS,

336 592 466 650 Lux
507 592 757 651 increata
795 592 1094 650 mentium.

331 754 433 812 Tu
472 754 659 814 cordis
700 753 915 830 hospes
956 755 1206 827 intimus,

325 835 530 894 Dulcis
570 836 832 894 laborum
872 845 934 893 tu
975 838 1172 912 quies;

327 916 428 977 Tu
467 917 693 976 fletibus
734 934 883 993 quos
925 917 1081 976 elicis

321 998 535 1058 Divina
572 999 782 1058 misces
822 1000 1050 1073 gaudia.

324 1161 536 1220 Totius
577 1180 615 1219 o
657 1160 787 1220 fons
829 1162 1059 1237 gratiae,

314 1243 555 1302 Certare
598 1243 673 1301 da
712 1261 820 1324 nos
863 1242 1109 1302 fortiter:

319 1324 689 1383 Certantibus
732 1325 807 1383 da
846 1324 1088 1396 vincere,

315 1405 699 1464 Vincentibus
740 1405 816 1464 da
854 1408 1193 1482 praemium.

315 1568 406 1627 Sit
447 1568 570 1627 laus
611 1567 780 1637 Patri,
823 1568 947 1627 laus
988 1568 1166 1627 Filio:

311 1650 427 1707 Par
467 1650 540 1709 sit
580 1649 682 1707 tibi
722 1649 863 1719 laus,
909 1648 1168 1725 Spiritus,

310 1732 564 1790 Afflante
605 1748 723 1808 quo
765 1739 987 1789 mentes
1031 1734 1206 1791 sacris

308 1812 537 1876 Lucent
577 1822 635 1871 et
674 1813 875 1871 ardent
914 1812 1161 1887 ignibus.

245 2062 346 2126 {IN
405 2059 691 2119 FESTO
747 2058 1243 2117 TRINITATI
1261 2059 1315 2117 S.

422 2239 516 2282 AD
558 2237 791 2282 PRIMAS
835 2235 1156 2280 vEsPERAS.
1252 2234 1259 2241 ’

299 2353 427 2412 Ter
465 2360 678 2423 sancte,
721 2360 806 2409 ter
845 2360 1054 2426 potens
1096 2350 1273 2421 Deus»,

303 2433 794 2510 Incomprehensa
836 2432 1119 2491 Trinitas:

301 2516 362 2575 O
404 2516 502 2574 lux
542 2514 841 2590 perennis!
898 2514 1144 2589 propriis

298 2597 361 2656 O
402 2607 489 2656 ter
528 2597 697 2655 beata
735 2595 994 2670 gaudiis!

293 2759 355 2818 O
396 2778 530 2817 vera
570 2776 800 2835 semper
839 2757 1079 2819 Unitas!

298 2841 359 2900 O
401 2860 518 2899 una
559 2858 789 2915 semper
829 2839 1089 2897 Veritas!

295 2922 356 2981 O
399 2931 596 2981 sancta
637 2939 881 2997 semper,
925 2938 1075 2996 quae
1116 2920 1333 2977 bonum

294 3003 589 3063 Diffundis
630 3021 821 3074 omne,
867 3001 1121 3061 Caritas!

1049 3100 1097 3140 Η

1544 205 1614 265 97
