2150 3800
462 236 572 293 152
837 217 914 279 In
954 217 1263 278 Nalzvitale
1302 216 1380 276 B.
1421 215 1668 275 Martae.

1115 506 1294 572 SEPT.
1343 510 1401 571 8.

542 684 631 744 IN
688 684 745 742 N
748 673 1212 742 ATIVITATE
1268 681 1597 741 BEATAE
1653 681 2037 741 MARIAE

1063 806 1458 873 VIRGINIS.

923 1034 1015 1076 AD
1056 1032 1362 1080 OFFICIUM
1407 1033 1596 1077 NOCT-

546 1187 738 1246 Laetis
779 1196 927 1244 terra
965 1196 1135 1246 sonet
1174 1185 1469 1261 plausibus
1490 1204 1530 1247 t.
1563 1184 1697 1245 huic
1740 1186 1861 1247 Dei

548 1269 735 1326 Mater
775 1266 959 1343 Virgo
1001 1268 1199 1338 datur;
1256 1285 1494 1325 munere
1536 1286 1654 1344 quo
1697 1286 1857 1326 nova

551 1351 625 1409 Se
666 1367 856 1407 rerum
896 1348 1071 1410 facies
1112 1349 1371 1423 protinus
1413 1350 1604 1418 exerit,

710 1430 937 1487 Mundo
977 1448 1096 1507 pax
1133 1430 1277 1487 redit
1319 1435 1505 1492 aurea.

550 1593 717 1651 Haec
739 1601 845 1651 ‘est
886 1592 979 1654 illa
1020 1592 1247 1663 (10111113,
1288 1610 1404 1668 qua
1443 1592 1606 1650 Deus
1647 1592 1869 1651 advena

551 1675 622 1732 In
663 1675 823 1733 terris
864 1673 1101 1743 habitat,
1141 1674 1316 1749 digna
1355 1673 1487 1732 Deo
1529 1675 1771 1746 domus;

554 1757 867 1831 Templum
906 1756 1142 1831 grande,
1185 1756 1294 1813 sibi
1335 1755 1493 1831 quod
1532 1755 1765 1831 propria
1804 1773 1977 1813 manu

717 1837 989 1896 Summus
1030 1836 1284 1899 condidit
1323 1835 1560 1896 Artifex.

555 2001 761 2059 Aureis
802 2019 935 2058 arca
974 2009 1136 2061 vetus
1177 1999 1392 2058 fulserit
1432 1999 1686 2076 undique

559 2082 878 2141 Scintillans
919 2081 1108 2146 radiis,
1192 2068 1358 2139 Haec
1400 2099 1608 2140 vacuas
1650 2083 1845 2140 decent

557 2163 842 2221 Umbras.
898 2162 1130 2220 interior
1172 2161 1439 2224 Numinis
1481 2163 1658 2237 ipsius

718 2244 931 2302 Arcam
972 2241 1238 2303 nobilitas
1280 2244 1460 2305 decet.

543 2406 698 2464 Non
739 2405 831 2463 hic
871 2424 1086 2464 manna
1125 2405 1274 2477 latet,
1317 2405 1516 2482 legifer
1557 2417 1653 2464 aut
1693 2406 1838 2482 lapis,

560 2487 698 2545 Non
739 2506 931 2545 ramus
972 2487 1207 2546 sterilis:
1263 2488 1372 2547 flos
1414 2489 1564 2563 viget
1605 2489 1696 2547 hic
1735 2488 1873 2547 ferax

559 2568 880 2639 Virtutum,
938 2587 1100 2628 sacer
1139 2568 1232 2627 hic
1272 2570 1438 2644 panis
1480 2569 1657 2628 homo
1696 2558 1869 2641 Deus;
1946 2568 1953 2579 '

724 2648 840 2707 Hic
882 2650 1023 2726 legis
1064 2650 1274 2709 residet
1316 2650 1494 2709 dator.
1593 2668 1615 2685 ··

565 2813 647 2870 Sit
687 2810 811 2870 laus
853 2829 1082 2870 summa
1122 2812 1288 2884 Patri,
1334 2808 1674 2889 summaque
1713 2812 1862 2871 Filio:

562 2893 885 2950 Amborum
927 2894 998 2951 sit
1039 2894 1194 2953 idem
1237 2894 1467 2970 Spiritui
1508 2896 1700 2965 decuS,

561 2974 802 3033 Arcanis
842 2974 1092 3034 habilem
1133 2977 1233 3052 qui
1271 2976 1584 3035 thalamum
1625 2976 1797 3035 modis

722 3055 953 3116 Christo
993 3068 1291 3133 praeparat
1331 3057 1558 3133 hospiti.
