2150 3800
552 238 629 298 In
670 240 1015 299 Liberalz‘one
1055 239 1118 300 S.
1162 240 1339 299 Petri.
1642 257 1747 312 ¹39

159 398 439 460 Dulces
483 416 733 469 catenae,
777 421 924 480 quae
965 421 1127 461 reum
1169 420 1287 461 non
1329 412 1588 478 arguunt,

170 482 324 541 Sed
377 482 600 546 Christi
643 494 932 544 amantem
974 502 1123 561 quae
1162 485 1410 560 probant
1451 484 1614 558 Apo·

381 566 636 623 stolum!

178 643 466 720 Regum
508 646 751 713 coronis,
794 648 977 705 aureis
1019 647 1345 712 monilibus,

181 725 340 784 Vos
393 746 561 787 sacra
600 729 778 803 pluris
819 729 1189 787 aestimamus
1230 726 1468 785 vincula.

187 887 375 946 Patri
426 908 697 965 supremo
740 892 811 949 sit
852 908 1122 966 suprema
1161 890 1374 965 gloria3

192 969 481 1046 Tibique
523 972 723 1031 laudes
764 981 918 1032 totus
960 972 1115 1030 orbis
1158 971 1437 1035 concinat,

195 1052 478 1109 Aeterne
521 1052 642 1119 Fili,
687 1053 959 1134 splendor
999 1053 1216 1111 aeterni
1257 1051 1471 1111 Patris:

201 1132 489 1209 Compas
531 1135 610 1192 sit,
644 1134 800 1193 almo
840 1135 963 1193 laus
1006 1135 1298 1211 decusque
1340 1132 1600 1191 Flamini.

327 1434 424 1477 AD
470 1434 719 1478 LAUDES
764 1434 849 1479 ET
891 1433 1216 1478 SECUNDAS
1246 1431 1570 1476 VESPERAS.

218 1610 484 1677 Petrum,
527 1622 783 1687 tyranne,
827 1611 966 1686 quid
1007 1612 1225 1669 catenis
1268 1611 1477 1675 obruis,

221 1692 527 1768 Jubesque
570 1693 742 1751 condi
784 1692 1023 1751 carceris
1066 1693 1232 1767 nigro
1275 1693 1495 1767 specu?

224 1773 392 1845 Quid
434 1784 560 1831 trux
603 1774 826 1833 satelles
868 1783 999 1831 ante
1041 1774 1217 1831 limen
1258 1774 1540 1831 excubat?

228 1854 458 1921 Carcer,
504 1855 744 1921 satelles,
787 1855 969 1914 vincla
1008 1873 1129 1914 non
1171 1854 1403 1914 Petrum
1443 1863 1653 1913 tenent.

231 2018 484 2094 Fulgens
526 2018 601 2075 ab
643 2018 758 2077 alto
799 2018 949 2076 venit
991 2017 1131 2076 Ales
1173 2018 1435 2088 aethere;

237 2099 477 2157 Recedit
518 2098 732 2163 horror,
776 2109 833 2157 et
874 2098 1034 2174 fugat
1075 2109 1312 2157 noctem
1354 2099 1509 2157 dies:

240 2178 481 2257 Jubente
525 2180 770 2246 Christo,
813 2190 980 2256 rupta
1021 2181 1206 2239 vincla
1247 2181 1591 2248 concidunt;

242 2261 569 2320 Panduntur
609 2262 755 2320 ultro
797 2263 991 2320 clausa
1031 2260 1180 2319 ferro
1221 2262 1431 2320 limina.

251 2424 520 2482 Coelestis
562 2424 653 2481 ille
696 2423 897 2481 ductor
936 2425 1187 2483 ostendit
1227 2425 1377 2483 viam
1401 2443 1425 2482 ε·

160 2522 164 2526 ·
250 2505 301 2562 It
339 2504 571 2575 Petrus;
622 2515 793 2580 atque
837 2506 1129 2563 somnium
1171 2507 1338 2584 quod-
1370 2506 1448 2570 fit,
1492 2516 1672 2580 putat.

254 2585 475 2656 Verum,
520 2597 747 2662 recepta
787 2596 997 2653 mente,
1039 2588 1327 2646 victricem
1370 2587 1481 2644 Dei

259 2667 395 2725 Suae
434 2667 626 2737 salutis
668 2677 855 2726 certus
898 2669 1160 2743 agnoscit
1202 2682 1456 2726 manum.

261 2827 373 2885 Lux
411 2840 616 2895 nostra,
662 2829 902 2895 Christe,
947 2840 1143 2888 nostra
1182 2831 1426 2895 libertas,
1472 2829 1629 2886 vides

265 2908 469 2980 Quibus
512 2911 727 2969 catenis
768 2911 1016 2969 vinciant
1057 2930 1166 2972 nos
1207 2912 1459 2975 crimina,

263 2989 329 3047 Et
364 3001 566 3066 quanta
606 2993 813 3051 nostris
855 2993 1086 3053 incubet
1127 3010 1244 3050 nox
1285 2992 1605 3050 mentibus:

268 3071 444 3130 Caeeis
486 3074 640 3132 diem
682 3073 781 3140 fer,
823 3093 1025 3151 rumpe
1067 3075 1268 3135 vinctis
1309 3073 1545 3132 vincula.
