2150 3800
592 240 654 300 S.
683 240 928 317 Joannaels·
967 240 1226 316 Apostoli„
1593 261 1617 299 1
1634 262 1703 316 19

433 405 666 462 Amoris
709 422 747 461 ο
788 422 937 480 quae
978 405 1256 480 pignora!

431 486 620 545 Vobis
662 503 800 543 oves
842 486 1019 547 credit
1056 504 1230 545 suas:
1272 552 1276 555 Α

436 567 642 643 Ligare
684 567 797 637 dat,
841 567 938 625 dat
980 567 1198 626 solvere

430 648 605 720 Quae
647 648 813 707 solvit
847 658 910 707 et
950 649 1089 725 ligat
1128 648 1307 708 Deus,

431 811 545 881 Da,
587 810 832 881 Christe,
871 810 953 869 da
990 820 1185 869 tecum
1225 813 1403 871 mori:

436 892 665 950 Tecum
706 892 875 950 simul
918 893 993 950 da
1032 911 1298 968 surgere:

432 973 694 1031 Terrena
734 974 810 1031 da
850 983 1254 1045 contemnere;

432 1057 650 1113 Amare
687 1055 768 1113 da
804 1056 1093 1113 coelestia.

433 1219 521 1276 Sit
565 1218 689 1276 iaus
730 1218 915 1287 Patri;
965 1218 1092 1276 laus
1134 1218 1295 1289 Filio,

434 1298 557 1371 Qui
597 1317 722 1370 nos,
766 1298 1112 1374 triumphata
1151 1318 1310 1370 nece,

435 1381 533 1438 Ad
576 1390 726 1440 astra
768 1398 965 1439 secum
1007 1380 1125 1439 dux
1166 1390 1362 1439 vocat:

431 1462 695 1538 Compar
735 1463 836 1521 tibi
875 1462 1019 1533 laus,
1059 1461 1324 1538 Spiritus.

721 1829 726 1834 ’
776 1815 955 1879 ΜΑΙῙ
1001 1816 1061 1877 6.

442 1984 504 2041 s,
561 1933 909 2060 JOANNIS
972 1978 1387 2040 APosT0L1

492 2128 670 2172 ANTE
715 2127 979 2172 PORTAM
1022 2126 1349 2171 LATINAM.

296 2268 390 2310 AD
435 2265 665 2310 PRIMAS
711 2266 795 2309 ET
842 2264 1167 2308 SECUNDAS
1216 2265 1537 2309 VESPERAS.

275 2420 499 2477 Urbem
542 2418 891 2478 Romuleam
933 2417 1064 2494 quis
1111 2419 1265 2477 furor
1306 2417 1536 2476 incitat?

279 2500 490 2560 Christi
535 2501 847 2576 discipulus
890 2499 1142 2559 Caesare
1179 2499 1371 2577 judice

279 2583 602 2640 Damnatus
643 2583 887 2658 rapitur:
943 2581 1024 2637 nil
1064 2581 1399 2640 venerabilis

445 2663 670 2722 Frontis
709 2664 947 2721 canities
988 2673 1199 2722 movet.

281 2828 350 2884 In
394 2825 617 2885 fervens
643 2826 771 2899 *olei
814 2826 1113 2901 conjicitur
1153 2844 1343 2884 mare:

283 2908 380 2965 Nil
424 2918 616 2967 aestus
657 2908 869 2978 nocuit,
913 2907 1150 2965 flamma
1191 2909 1296 2966 sed
1338 2906 1547 2981 hospiti

285 2989 474 3048 Parcit
513 2989 728 3048 blanda
770 3007 910 3059 suo;
966 3008 1078 3048 ceu
1120 2990 1279 3065 pugil
1319 2988 1563 3064 ungitur,

447 3070 603 3147 Hinc
647 3081 703 3147 et
745 3070 946 3129 fortior
988 3071 1159 3133 exilit.
