2150 3800
529 270 638 341 198
1181 262 1488 341 W'rgt‘num.

684 415 818 486 Fac,
861 432 901 473 o
941 412 1182 484 Christe,
1225 423 1355 471 tuae
1397 412 1655 489 Virginis
1697 412 1978 481 aemulos,

685 497 818 556 Hac
858 513 967 554 nos
1009 496 1089 553 ire
1131 494 1231 553 tibi
1274 512 1390 570 qua
1431 494 1682 569 graditur
1721 495 1846 552 via:

687 578 805 650 Qui
832 595 977 653 gens
1006 586 1204 636 sancta
1231 593 1445 646 summ,
1475 576 1731 634 moribus
1760 575 2000 651 integris

846 658 962 717 Fac
1003 658 1110 717 soli
1151 657 1272 716 tibi·
1293 658 1493 715 vivere.

681 823 777 881 Da
815 832 889 892 te,
933 837 1158 879 summe
1200 819 1383 891 Pater,
1426 820 1620 878 tollere
1663 819 1966 878 laudibus:

681 903 777 963 Da
803 915 876 975 te,
907 903 1148 972 Christe,
1178 902 1357 977 sequi,
1385 901 1576 959 laurea
1603 900 1910 977 Virginum
1934 920 1948 957 ε

681 986 798 1051 Fac
841 987 1076 1043 incensa
1117 983 1245 1055 tuis,
1292 983 1548 1059 SpirituS,
1592 983 1825 1041 ardeant

842 1064 1118 1127 Flammis
1158 1065 1365 1140 frigida
1404 1074 1652 1141 pectora.

971 1537 1062 1581 AD
1113 1532 1419 1581 OFFICIUM
1469 1533 1661 1578 Noc'r.

1097 1806 1224 1868 Pro
1261 1808 1540 1884 Marhtre.

674 2037 978 2114 Virginum
1017 2040 1207 2110 robur,
1249 2037 1427 2112 Deus,
1470 2050 1640 2118 atque
1682 2049 1874 2098 custos
1898 2059 1916 2096 :
1958 2037 1980 2060 “

681 2121 865 2180 Sexus
906 2121 1165 2192 irnbeHiS‚
1207 2122 1432 2180 medios
1472 2138 1575 2197 per
1616 2139 1799 2192 enseS,

675 2202 833 2260 Dum
875 2203 1047 2274 faves,
1090 2220 1234 2283 quas
1275 2220 1395 2261 non
1437 2214 1665 2280 superat
1705 2203 1843 2260 virili

839 2283 1076 2343 Pectore
1118 2286 1372 2343 mortes!

679 2445 793 2504 Pro
831 2448 942 2506 tuis
985 2448 1096 2506 aris
1137 2448 1398 2505 animosa
1439 2446 1623 2524 Virgo

680 2527 859 2586 Molle
900 2529 997 2587 dat
1038 2530 1240 2606 poenis
1282 2529 1526 2587 lacerare
1568 2546 1811 2604 corpus:

679 2609 816 2668 Non
859 2629 995 2669 suos
1038 2612 1223 2681 sentit,
1265 2626 1490 2669 memor
1531 2614 1601 2669 ol
1646 2619 1895 2679 tuorum,

838 2690 1079 2762 Christe,
1122 2692 1403 2751 dolorum.

675 2853 814 2912 Non
855 2868 1057 2929 graves
1099 2853 1322 2930 plagae,
1365 2853 1534 2912 validi
1575 2870 1686 2911 nec
1726 2853 1873 2911 ictus

673 2935 964 3012 Integram
1005 2946 1248 3012 possunt
1288 2936 1498 2994 violare
1538 2945 1825 2993 mentem:

673 3016 831 3088 Quin
873 3018 1016 3075 sacri
1044 3017 1245 3076 crescit
1285 3018 1473 3094 magis
1514 3017 1835 3075 obstinatus

836 3100 1022 3158 Ardor
1064 3100 1294 3158 amoris.
