2150 3800
479 280 555 336 86
911 276 988 335 In
1035 276 1243 337 Octava
1283 277 1647 342 Ascenszbmtv.

803 441 940 517 Ipsa
980 450 1036 499 te
1077 449 1249 517 cogat
1287 443 1469 518 pietas

803 522 884 580 Ut
923 522 1077 580 mala
1117 532 1312 581 nostra
1353 543 1586 600 superes

805 603 1118 674 Pascend0‚
1162 613 1218 662 et
1258 606 1374 663 voti
1416 618 1718 683 compotes

804 685 932 744 Nos
972 694 1073 744 tuo
1115 686 1272 744 vultu
1312 688 1499 747 saties.

804 847 901 905 Tu
941 857 1066 906 esto
1107 857 1367 907 nostrum
1408 852 1702 926 gaudium,

805 929 923 1000 Qui
965 948 1027 988 es
1070 928 1290 988 futurus
1330 934 1682 1006 praemium:

806 1010 876 1067 In
917 1020 973 1068 te
1016 1011 1089 1069 sit
1128 1021 1325 1070 nostra
1362 1014 1545 1088 gloria

806 1090 915 1149 Per
954 1100 1161 1151 cuncta
1202 1111 1431 1169 semper
1472 1098 1679 1157 secula.

745 1410 834 1466 IN
878 1409 1221 1470 OCTAVA
1260 1408 1817 1469 ASCENSIONIS.

919 1556 1010 1599 AD
1053 1554 1288 1598 PRIMAS
1332 1554 1655 1599 VESPERAS.

723 1674 882 1738 Felix
924 1679 1047 1737 dies
1088 1678 1438 1749 mortalibuS‚

727 1759 862 1832 Qua
902 1779 1004 1837 per
1044 1759 1345 1835 profusum
1386 1759 1725 1834 sanguinem

729 1841 931 1900 Homo
972 1841 1135 1899 Deus
1177 1841 1400 1899 clausas
1442 1841 1540 1899 diu

728 1923 961 1982 Intravit
1002 1932 1261 1982 aeternas
1305 1925 1546 1982 domos!

727 2084 854 2143 Nos
897 2085 1174 2155 membra,
1217 2103 1335 2161 quo
1375 2094 1635 2143 nostrum
1675 2096 1862 2161 caput,

726 2166 862 2237 ‚Quo
905 2168 1021 2225 dux
1063 2167 1315 2242 praeivit,
1358 2166 1602 2224 ibimus:

733 2246 792 2305 Si
830 2249 1033 2324 jungat
1072 2266 1190 2305 una
1231 2267 1396 2307 mens
1439 2248 1624 2318 simul,

727 2328 860 2388 Nos
895 2349 1012 2388 una
1047 2330 1252 2407 junget
1291 2330 1489 2407 gloria.

726 2492 1004 2551 Discessit
1046 2501 1103 2550 et
1146 2493 1263 2551 suis
1308 2492 1486 2562 adest,

728 2573 1032 2634 Praesente
1076 2592 1304 2650 semper
1348 2573 1574 2649 Spiritu,

727 2655 981 2715 Miscens
1024 2675 1130 2715 suo
1171 2674 1234 2715 se
1276 2655 1501 2730 corpori

727 2736 949 2796 Omnes
990 2740 1049 2795 in
1091 2746 1245 2795 artus
1286 2736 1486 2794 influit.

718 2900 796 2957 At
834 2898 929 2956 illa
968 2901 1153 2973 quae!
1195 2899 1376 2976 qualis
1418 2899 1575 2957 dies!

719 2980 861 3038 Dies
903 2980 1201 3038 tremenda
1243 2980 1519 3051 sontibuS,

715 3062 871 3120 Dum
915 3062 1050 3120 sede
1093 3062 1449 3121 descendens
1492 3078 1599 3120 sua

720 3143 954 3202 Redibit
993 3144 1143 3202 ultor
1183 3144 1502 3202 criminum.
