2150 3800
345 243 422 302 In
464 245 622 303 Festo
663 242 775 304 SS.
818 244 1202 306 Innocentium.

304 409 605 468 Exclamat
647 428 846 469 amens
888 412 1123 469 nuntio:

311 491 619 550 Successor
662 493 845 557 instat,
888 493 1182 567 pellimur:

309 573 546 631 Satelles
589 574 622 639 i,
665 573 873 630 ferrum
915 592 1090 649 rape:

307 653 592 712 Perfunde
634 672 811 713 cunas
854 656 1148 730 sanguine.

303 816 467 887 Quid
509 817 730 891 proficit
770 826 990 875 tantum
1032 817 1235 876 nefas?

300 897 462 968 Quid
504 898 720 955 crimen
762 898 1061 958 Herodem
1086 900 1282 976 juvat?

300 979 472 1037 Unus
514 989 598 1036 tot
639 980 782 1038 inter
824 980 1023 1040 funera

300 1060 548 1135 Impune
593 1059 851 1120 Christus
892 1063 1116 1121 tollitur.

302 1223 461 1301 Jesu,
504 1223 606 1281 tibi
648 1224 717 1282 sit
757 1224 952 1300 gloria,

300 1305 422 1376 Qui
464 1314 628 1363 natus
671 1324 734 1364 es
777 1307 849 1364 de
891 1306 1146 1382 Virgine,

295 1386 450 1445 Cum
493 1387 658 1444 Patre
699 1397 756 1445 et
798 1387 951 1445 almo
997 1388 1224 1463 Spiritu,

300 1469 372 1525 In
416 1469 761 1543 sempiterna
803 1470 1044 1527 saecula.

577 1837 668 1882 AD
713 1837 978 1883 LAUDES.

301 2027 525 2086 Salvete
568 2025 737 2085 flores
780 2026 1114 2102 Martyrum,

305 2110 475 2181 Quos
518 2108 658 2166 lucis
699 2109 827 2183 ipso
869 2109 928 2165 in
969 2109 1183 2167 lumine

303 2189 516 2250 Christi
558 2190 844 2247 insecutor
886 2190 1125 2261 sustulit,
1166 2261 1172 2270 ἱ

299 2272 427 2330 Ceu
466 2272 633 2328 turbo
674 2281 974 2329 nascentes
1015 2291 1192 2332 rosaS.

299 2435 426 2492 Vos
468 2436 654 2511 prima
696 2433 904 2492 Christi
947 2435 1190 2507 victima,

304 2517 462 2574 Grex
506 2517 927 2573 immolatorum
969 2524 1144 2586 tener,

299 2600 480 2655 Aram
522 2599 628 2655 sub
672 2598 887 2690 ipsam
901 2597 1189 2673 simplices

301 2679 502 2735 Palma
543 2690 599 2737 et
641 2679 867 2738 coronis
906 2678 1113 2736 luditis.

303 2843 458 2918 Jesu,
502 2843 602 2899 tibi
645 2843 716 2899 sit
756 2841 953 2916 gloria,

305 2923 423 2994 Qui
465 2933 630 2981 natus
673 2942 736 2981 es
780 2923 851 2980 de
895 2922 1146 2997 Virgine,

306 3005 456 3062 Cum
499 3004 662 3062 Patre
706 3015 761 3062 et
803 3004 956 3062 almo
1000 3003 1227 3078 Spiritu,

309 3086 376 3142 In
419 3088 762 3162 sempiterna
804 3085 1045 3144 saecula.

1470 262 1573 319 251
