2150 3800
369 387 386 402 κ
418 308 497 367 In
553 307 861 368 thz'tattbne
887 305 975 367 ·B.
1017 307 1113 368 M
1170 307 1232 368 V.

347 470 772 531 Absconditum
814 472 920 530 sub
962 473 1166 531 intimo

350 552 478 612 Ceu
519 553 688 624 nube,
730 553 1003 629 portabas
1044 554 1173 613 sinu

351 633 566 705 Solem,
609 652 717 693 suo
757 634 857 710 qui
896 635 1158 710 protinus

349 715 638 774 Lustrabit
677 715 879 774 orbem
920 714 1151 775 lumine.

344 875 576 936 Mundo
614 876 943 954 redemptor
982 877 1083 954 qui
1122 879 1299 950 veniS,

344 958 471 1029 Fili,
514 958 614 1016 tibi
655 958 778 1018 laus
818 960 1073 1017 maxima

342 1035 500 1098 Cum
541 1039 739 1099 Patre:
794 1058 904 1100 nec
944 1040 1046 1099 tibi
1086 1040 1275 1099 minor

343 1120 520 1192 Laus,
560 1121 851 1198 utriusque
895 1121 1163 1206 Spiritus..

491 1438 583 1481 AD
619 1437 930 1483 OFFICIUM
973 1438 1164 1484 Nocr.

345 1653 596 1724 Montes,
637 1653 952 1729 superbum
993 1655 1281 1727 verticem,

345 1734 483 1806 Qua
520 1734 703 1811 Virgo
743 1736 957 1806 transit,
1001 1738 1245 1809 subdite,

345 1815 458 1874 Cui
497 1834 561 1876 se
603 1816 841 1876 libenter
883 1826 1195 1878 sternerent

344 1896 457 1956 Vel
498 1897 623 1974 ipsa
663 1897 808 1958 coeli
851 1897 1053 1959 sidera.

346 2059 592 2119 Occulta
631 2078 779 2137 quae
820 2061 954 2120 latet
996 2062 1172 2134 domi,

343 2141 540 2200 Audet
581 2141 733 2201 foras
775 2161 837 2202 se
877 2144 1153 2219 prodere:

348 2222 591 2299 Semper
631 2224 739 2283 sibi
780 2224 988 2283 timens
1029 2226 1221 2301 pudor

346 2303 424 2362 Se
466 2305 695 2364 caritate
735 2306 998 2382 protegit.

345 2464 398 2524 It
439 2466 550 2537 illa,
592 2483 711 2525 non
751 2467 924 2526 nectit
962 2486 1191 2527 moras:

344 2547 514 2622 Fugit
553 2548 743 2618 videri,
785 2566 892 2607 nec
932 2550 1125 2608 minus

345 2628 516 2704 Fugit
556 2630 748 2700 videri,
790 2648 865 2688 ne
905 2648 1013 2690 suo

344 2708 682 2787 Quidquam
722 2711 928 2787 pudori
969 2712 1243 2771 detrahat.

345 2871 524 2930 Beata
563 2891 739 2950 quam
779 2876 983 2951 pressit
1021 2876 1190 2952 pede,

344 2952 577 3013 Tellus!
631 2956 800 3016 beata
841 2957 1073 3016 semita!

346 3033 539 3095 Colles
580 3037 750 3110 beati,
791 3039 891 3115 qui
932 3037 1101 3097 simul

349 3115 503 3175 Cum
542 3126 722 3178 matre
764 3119 1015 3179 sensistis
1055 3118 1284 3177 Deum!

1512 331 1623 388 133
