2150 3800
379 263 549 323 Intra
595 262 859 322 Octavam
901 263 1271 341 Epiphaniae.

56 427 212 485 Nos
264 427 440 485 radix
481 428 643 485 oleae
686 427 941 486 sustinet.
998 427 1128 487 Ah!
1175 448 1328 500 cave,

54 508 199 580 Qui
252 519 400 579 stas,
442 526 516 565 ne
559 509 731 567 sterili
772 510 1003 568 deficias
1045 511 1176 569 fide.

58 591 176 648 Tu
225 608 440 649 ramos
481 601 698 649 veteres
741 590 924 650 insere
968 592 1197 651 denuo:

257 673 368 730 Tu
408 690 584 745 serva,
627 672 808 753 Deus⁸
848 673 1065 733 insitos.

56 835 200 905 Qui
254 852 372 893 nos
413 837 676 893 membra
716 836 861 893 sacri
902 836 1160 912 corporis
1201 836 1392 906 efficit,

61 917 163 973 Sit
213 917 353 974 laus
395 935 624 975 summa
664 917 852 974 Patri:
904 918 1027 976 laus
1070 935 1303 994 quoque
1343 917 1506 987 Filio,

65 997 283 1075 Cujus
328 999 591 1056 membra
634 1017 869 1057 sumus:
920 1017 1038 1075 quo
1077 1001 1240 1075 vigor
1281 999 1463 1057 influit

258 1079 563 1152 Membris,
606 1081 728 1138 laus
769 1080 886 1151 tibi,
933 1080 1218 1156 Spiritus.-

632 1405 965 1417 ———,

154 1622 436 1680 INTRA
480 1620 892 1680 ocTAvAM
934 1621 1458 1715 ΕΡΙΡΗᾼΝΙΑΕ,

478 1857 568 1899 AD
611 1856 919 1932 OFFJCIUM
962 1857 1153 1902 NOCT.

81 2055 233 2126 Qua
276 2054 446 2129 lapsu
485 2054 660 2111 tacito
704 2052 863 2112 stella
903 2052 1247 2128 loquacibus

85 2136 378 2195 Scintillat
420 2135 608 2205 radiis,
651 2134 763 2193 huc
806 2135 987 2193 oculis
1030 2134 1212 2211 Magi,

81 2217 233 2276 Huc
281 2217 593 2287 desideriis,
636 2216 748 2275 huc
789 2216 1003 2291 rapidis
1047 2216 1215 2274 simul

263 2298 502 2356 Certant
542 2297 776 2356 tendere
818 2298 1103 2373 passibus.
1187 2309 1194 2317 '

84 2461 169 2520 Ut
217 2469 459 2518 ventum
504 2460 819 2536 Solymam,
860 2478 984 2519 non
1025 2462 1151 2520 sine
1193 2461 1430 2519 numine

85 2543 339 2602 Laetam
383 2542 543 2601 stella
582 2543 787 2612 facem,
829 2541 976 2617 proh
1020 2542 1217 2599 dolori
1267 2544 1507 2615 occulit3

89 2624 480 2700 Incertosque
520 2625 660 2694 viae,
705 2642 813 2682 ceu
852 2621 1047 2681 medio
1090 2625 1298 2699 vagam

263 2705 470 2776 Cursu,
514 2706 780 2775 destituit,
823 2713 1021 2763 ratem.

90 2869 198 2939 Illi,
244 2866 323 2925 nil
367 2868 585 2926 rabiem
626 2867 920 2944 principis,
962 2866 1185 2925 invidas

91 2950 195 3007 Nil
238 2958 390 3008 artes
431 2949 607 3020 veriti,
653 2947 836 3028 (tanta
877 2950 1084 3007 animis
1127 2948 1270 3007 fides
1291 2945 1330 3026 1)

90 3031 274 3089 Urbis
316 3050 422 3107 per
462 3030 720 3108 trepidae
761 3033 1016 3106 compita
1056 3029 1392 3106 praedicant

262 3112 491 3189 Regem
534 3114 806 3190 quaerere
849 3131 912 3172 se
954 3130 1189 3170 novum.

970 3210 1009 3251 Ε
1046 3213 1077 3250 2
