2150 3800
487 234 570 294 In
608 233 812 295 Decoll.
856 234 920 295 S.·
948 234 1208 312 soanmk.

213 398 364 457 Aula
405 408 700 474 receptum
743 416 862 457 non
902 398 1105 458 retinet
1146 400 1331 471 timor,
1421 401 1425 408 '

212 479 269 537 N
271 498 351 538 on
391 480 606 539 blanda
646 480 820 538 flectit
860 481 1041 556 gratia
1083 481 1378 556 Principi8‚

210 560 602 620 Contaminati
642 562 784 637 quin
824 563 1127 637 reprendat

211 642 519 718 Flagitium
560 639 1051 727 opprobiiumque
1094 644 1239 703 lecti.

208 804 294 863 Sit
337 822 567 863 summa
608 801 775 876 Patri,
819 824 1161 882 summaque
1204 806 1363 876 Filio,

210 885 542 961 Sanctoque
583 905 822 963 compar
862 887 1043 962 gloria
1085 887 1360 947 Flamini:

205 966 456 1027 Sanctae
496 968 722 1027 litemus
765 968 1029 1027 Trinitati

207 1048 497 1125 Perpetuo
537 1050 634 1126 pia
675 1050 850 1108 corda
891 1051 1060 1109 cultu.

511 1398 600 1443 AD
641 1397 944 1443 OFFICIUM
990 1399 1178 1445 NOCT-

205 1607 455 1684 Impune
497 1606 631 1667 Vati
672 1626 790 1665 non
832 1608 968 1666 erit:
1014 1609 1303 1684 impotens

206 1690 429 1748 Totum
469 1689 721 1748 furorem
761 1689 975 1749 femina
1014 1690 1260 1765 colligit3

205 1772 449 1847 Iraeque
491 1789 693 1830 causas
734 1771 1066 1846 aggerando

204 1852 550 1913 Exstimulat
591 1852 709 1912 fera
750 1852 925 1912 corda
964 1852 1133 1929 regis.

205 2014 366 2087 Quid
408 2028 528 2074 non
569 2016 743 2075 libido
785 2016 945 2092 cogis
987 2015 1279 2076 adultera?

204 2095 432 2155 Dantur
472 2099 686 2157 catenis
727 2098 1008 2156 innocuae
1048 2114 1294 2155 manus:

206 2179 285 2236 At
327 2179 543 2255 alligari
584 2180 829 2238 veritatis

205 2259 421 2319 Nescia
460 2280 588 2330 vox,
633 2279 737 2323 sua
772 2262 900 2338 jura
941 2270 1140 2319 servat.

207 2421 499 2481 Christum
539 2423 627 2480 vel
669 2434 793 2482 atro
834 2423 1074 2483 carceris
1117 2423 1175 2480 in
1218 2426 1395 2498 specu

204 2504 419 2562 Praeco
460 2504 641 2564 fidelis
682 2506 933 2563 nuntiat:
983 2514 1039 2563 et
1082 2522 1218 2562 suos

208 2585 416 2643 Divina
455 2587 700 2660 patranti
742 2586 1024 2662 Magistro

203 2667 532 2742 Discipulos
571 2669 732 2745 Jubet
773 2669 852 2726 ire
893 2678 1084 2726 testes,

205 2829 445 2890 Vinctus
486 2830 824 2908 triumphat;
870 2842 932 2889 tu
972 2830 1228 2906 pavitans
1271 2828 1480 2898 fremiS‚

209 2910 495 2987 Tyranne.
580 2913 835 2972 Caecum
875 2930 1041 2972 mens
1083 2911 1232 2970 male
1274 2910 1507 2968 conscia

208 2991 404 3065 Quatit
445 2995 766 3071 flagellum:
813 2996 1002 3055 stricta
1041 2994 1252 3053 Vatem

208 3075 570 3151 Impavidum
611 3077 771 3136 feriet
807 3078 1044 3136 securis.

801 3175 838 3217 n

1540 251 1648 310 145
