2150 3800
518 259 633 316 370

922 243 996 300 In
1038 242 1200 300 Festo
1241 241 1307 301 S.
1339 242 1721 304 Sacramenh'.

727 610 815 667 IN
861 609 1121 669 FESTO
1166 608 1222 667 S.
1269 608 1892 671 SACRAMENT1*.

825 854 1025 912 Lauda
1067 852 1209 911 Sion
1254 852 1634 925 Salvatorem‚

829 936 1026 993 Lauda
1067 935 1278 992 ducem
1320 946 1375 993 et
1420 947 1736 1012 pastorem

908 1018 978 1074 In
1018 1016 1248 1091 hymnis
1291 1026 1348 1074 et
1389 1018 1656 1088 canticis,

825 1098 1121 1170 Quantum
1165 1107 1330 1172 potes
1372 1108 1605 1156 tantum
1649 1102 1811 1158 aude

823 1179 977 1251 Quia
1017 1180 1204 1254 major
1250 1180 1408 1236 omni
1453 1179 1649 1251 laude,

900 1261 1025 1319 Nec
1068 1260 1297 1318 laudare
1341 1261 1570 1319 sufficis.

819 1424 1028 1482 Laudis
1070 1423 1264 1480 thema
1306 1423 1590 1498 speciali8‚

817 1506 985 1563 Panis
1026 1506 1183 1562 vivus
1227 1514 1282 1562 et
1323 1504 1503 1562 vitalis

893 1586 1089 1644 Hodie
1130 1586 1482 1661 proponitur.

812 1668 1005 1739 Quem
1048 1668 1108 1724 in
1152 1685 1346 1725 sacrae
1387 1685 1589 1724 mensa
1635 1687 1870 1726 coenae

810 1750 1041 1807 Turbae
1084 1748 1319 1806 fratrum
1361 1748 1668 1806 duodenae

889 1830 1105 1888 Datum
1147 1848 1268 1887 non
1310 1829 1635 1904 ambigitur.

806 1994 887 2051 Sit
931 1994 1052 2051 laus
1096 1993 1280 2069 plena,
1325 1994 1395 2052 sit
1438 2010 1666 2055 sonora„

807 2075 889 2132 Sit
928 2076 1198 2150 jucunda,
1243 2076 1315 2133 sit
1358 2075 1568 2132 decora

883 2157 1097 2215 Mentis
1136 2157 1412 2232 jubilatio,

805 2238 944 2297 Dies
988 2239 1143 2296 enim
1191 2238 1461 2296 solemnis
1510 2236 1710 2310 agitur,

803 2319 872 2377 In
916 2338 1031 2395 qua
1072 2338 1306 2377 mensae
1350 2318 1535 2395 prima
1577 2319 1853 2377 recolitur

880 2401 1071 2477 Hujus
1117 2401 1406 2459 institutio,

794 2565 863 2622 In
905 2565 1012 2622 hac
1054 2581 1258 2621 mensa
1298 2565 1430 2621 novi
1473 2562 1623 2637 regis

793 2645 1021 2704 Novum
1065 2645 1288 2703 Pascha
1328 2662 1509 2703 novae
1552 2643 1697 2719 legis

871 2727 1055 2785 Phase
1097 2736 1257 2785 vetus
1298 2725 1579 2784 terminat.

791 2809 1149 2867 Vetustatem
1190 2809 1431 2879 novitaS‚

677 2938 684 2945 .
791 2891 1073 2949 Umbram
1117 2889 1276 2965 fugat
1318 2891 1544 2953 veritas,

865 2973 923 3030 N
925 2981 1116 3031 ocrem
1157 2971 1253 3029 lux
1294 2972 1562 3029 eliminat.

977 3105 1003 3129 ⁴*
1041 3105 1238 3151 Habetur
1269 3113 1314 3151 et
1346 3104 1393 3150 in
1427 3104 1568 3149 Rom.
