2150 3800
480 234 543 293 S.
584 232 819 290 Mariae
855 227 1236 305 Magdalenes.
1538 240 1641 300 137

380 398 623 473 Impleta
662 412 815 452 nunc
855 390 1199 468 Apostolam

379 479 669 537 Promissa
709 486 766 534 te
807 474 1053 551 primam
1095 472 1274 532 choro

380 559 790 636 Apostolorum
830 554 1070 630 grandia

376 640 588 719 Jubent
627 639 833 697 referre
874 633 1088 694 nuntia.

327 822 336 828 ·
378 802 510 862 Deo
551 801 703 860 Patri
742 799 815 860 sit
854 798 1052 875 gloria,

381 883 636 961 Ejusque
678 880 785 942 soli
826 881 988 951 Filio,

383 965 592 1025 Sancto
634 963 804 1023 simul
843 980 979 1022 cum
1022 960 1250 1037 Spiritu,

383 1046 570 1118 Nunc,
612 1056 669 1105 et
709 1060 812 1122 per
852 1061 1028 1104 omne
1068 1042 1342 1102 seculum.

657 1371 748 1414 AD
787 1365 1053 1414 LAUDES.

124 1591 328 1651 Maria
370 1608 533 1651 sacro
575 1592 768 1651 saucia
807 1590 1053 1660 vulnere,
1088 1640 1093 1645 .

125 1672 278 1733 Non
317 1675 437 1751 jam
479 1672 792 1732 dolendum
832 1671 971 1750 quid
1011 1668 1332 1729 Dominum
1375 1666 1574 1728 doles?

127 1756 382 1831 Semper
420 1772 725 1814 renascens
766 1754 859 1812 hic
901 1754 1114 1813 amoris

126 1835 314 1894 Unde
355 1836 455 1894 tibi
495 1837 773 1896 violentus
814 1834 1022 1907 ardoxf?

130 2002 336 2073 Quem
377 1999 601 2076 quaeris
641 1999 770 2075 ipso
811 1997 1024 2056 funeris
1065 1998 1127 2055 in
1169 1999 1314 2070 sinu,

131 2080 315 2141 Victo
355 2080 662 2156 triumphat
703 2079 899 2138 funere
941 2079 1159 2146 clarior,

131 2164 293 2221 Vivit
314 2181 344 2241 ει
371 2172 584 2221 retecto
620 2163 742 2237 jam
782 2160 1062 2236 sepulcrO,

133 2246 295 2303 Ecce
333 2242 523 2320 jacent
562 2243 816 2301 revoluta
856 2258 1011 2301 saxa.

134 2405 438 2482 Myffhanl
479 2405 617 2484 quid
658 2404 843 2470 affers,
885 2422 1146 2481 vanaque
1186 2404 1482 2465 balsama?

138 2489 310 2547 Haec
352 2488 478 2546 luce
518 2487 724 2545 functis
766 2485 957 2544 debita
997 2504 1268 2545 munera:

144 2570 295 2643 Mox
338 2569 429 2627 ille
471 2567 773 2628 donandos
816 2561 1071 2644 Olympo

143 2648 283 2709 Non
325 2661 456 2726 ‘eget
496 2648 584 2709 his
624 2645 903 2708 redivivus
945 2659 1116 2709 artus.

147 2813 363 2889 Ingens
405 2822 695 2871 amantem
735 2821 792 2870 te
834 2810 998 2871 dolor
1039 2810 1283 2883 indicat3

145 2898 368 2953 Amans
410 2892 656 2953 vicissim
698 2906 760 2952 se
801 2890 963 2952 Deus
1005 2891 1242 2952 obtulit:

145 2979 420 3051 Agnosce
461 2992 664 3034 vocem
705 2985 767 3032 tu
808 2973 1074 3051 Magistri

149 3055 405 3116 Nomine
446 3066 501 3115 te
542 3056 778 3132 proprio
820 3056 1092 3115 vocantiS.
