2150 3800
557 275 670 347 356
877 270 953 329 In
991 270 1156 330 Festo
1197 267 1307 328 SS.
1338 269 1510 328 Petri
1542 276 1595 327 el
1627 269 1835 328 Pauli.

874 433 1020 490 Pura
1061 433 1170 490 sibi
1212 441 1414 507 aptans
1455 431 1805 503 habitacula,

873 514 1297 573 Charismatum
1338 521 1395 570 et
1434 531 1677 572 munera

873 595 1203 654 Pectoribus
1244 595 1451 653 nostris
1491 596 1621 670 pius
1665 594 1956 662 infundat,

872 676 1006 735 Vita
1044 687 1239 736 nostra
1280 676 1333 735 ei
1373 686 1436 733 ut
1476 678 1850 752 complaceat

874 758 981 817 Per
1022 759 1381 817 saeculorum
1422 759 1667 816 saecula.

877 838 1322 898 Conclamemus
1364 838 1599 911 alleluia,

881 920 963 978 Sit
1003 920 1134 979 Deo
1176 922 1315 990 laus,
1358 930 1628 995 potestaS,

876 1001 1100 1072 Honor,
1144 1003 1330 1071 virtus,
1374 1011 1430 1059 et
1468 1003 1665 1076 gloria.

1148 1188 1539 1195 ω*

754 1342 840 1400 ΙΝ
884 1341 1147 1401 FESTO
1190 1341 1290 1401 SS.
1334 1341 1963 1403 APOSTOLORUM

1001 1479 1250 1536 PETRI
1290 1479 1401 1537 ET
1445 1480 1706 1540 PAULI.

958 1697 1049 1740 AD
1092 1694 1323 1740 PRIMAS
1367 1696 1694 1743 vEsPERAs:

642 1841 800 1899 Felix
842 1860 944 1918 per
985 1859 1189 1900 omnes
1233 1841 1442 1900 festum
1482 1843 1681 1900 mundi
1724 1844 1971 1904 cardines

641 1923 1052 1999 Apostolorum
1095 1924 1404 1999 praepollet
1446 1924 1699 1983 alacriter

641 2004 789 2062 Petn‘
831 2006 996 2076 beati,
1040 2004 1201 2063 Pauli
1244 2006 1620 2077 sacratissimi,

641 2085 807 2157 Quos
851 2086 1110 2146 Christus
1152 2088 1304 2145 almo
1346 2088 1693 2145 consecravit
1735 2090 2004 2163 sanguine,

641 2166 1025 2226 Ecclesiarum
1069 2169 1356 2244 deputavit
1397 2168 1696 2244 principes.

645 2327 726 2385 Hi
768 2340 900 2387 sunt
941 2330 1121 2389 olivae
1165 2331 1311 2389 duae
1353 2347 1549 2388 coram
1590 2329 1851 2400 Domin0‚

644 2410 718 2467 Et
760 2411 1101 2469 candelabra
1142 2412 1267 2469 luce
1309 2411 1598 2482 radiantia,

644 2492 938 2550 Praeclara
979 2492 1124 2550 coeli
1166 2492 1281 2550 duo
1324 2492 1635 2562 luminaria,

644 2574 834 2632 Fortia
877 2575 1101 2632 solvunt
1143 2583 1506 2649 peccatorum
1547 2574 1778 2643 vincula,

644 2654 843 2713 Portas
886 2653 1121 2730 Olympi
1163 2665 1415 2713 reserunt
1456 2654 1730 2713 fidelibus

644 2816 879 2874 Habent
922 2834 1195 2891 supernas
1236 2826 1580 2894 potestatem
1623 2816 1860 2875 claudere

647 2897 922 2956 Sermone
966 2899 1150 2970 sedeS,
1193 2899 1443 2975 pandere
1489 2898 1825 2973 splendentia

644 2978 871 3035 Limina
910 2980 1028 3054 poli
1071 2999 1241 3056 super
1283 2980 1393 3038 alta
1437 2980 1640 3049 sidera,

644 3059 903 3135 Linguae
946 3079 1146 3118 eorum
1189 3062 1374 3120 claves
1417 3062 1563 3119 coeli
1605 3061 1778 3119 factae
1812 3071 1934 3130 sunt,

643 3140 854 3199 Larvas
897 3142 1361 3223 repelluntmultra
1401 3142 1603 3203 mundi
1645 3142 1865 3201 limitem.
