2150 3800
525 284 603 322 20

1159 250 1333 317 Feria
1367 254 1372 259 ’
1392 258 1445 315 V
1434 248 1489 315 [ζ

842 424 999 499 Ergo
1040 442 1145 499 per
1185 440 1389 481 omnes
1433 422 1718 497 aequoris,

734 550 738 563 .
844 506 1091 564 Telluris
1133 522 1337 562 omnes
1379 513 1436 561 et
1478 504 1635 560 sinus

844 587 1163 662 Regnabit:
1208 595 1266 643 at
1306 603 1530 643 memor
1573 586 1658 642 sui

844 668 975 726 Deo
1016 669 1300 725 minorem
1344 685 1405 725 se
1447 676 1623 741 gerat.

845 831 998 901 Heu,
1044 848 1219 889 caeca
1259 828 1449 886 cordis
1491 829 1777 904 pravitas!

844 911 1059 989 Jugum
1101 910 1324 969 rebellis
1367 910 1614 980 excutit;

840 993 974 1051 Deo
1014 992 1294 1068 superbus
1336 1009 1443 1049 nec
1485 992 1646 1048 timet

846 1077 1113 1149 Aequare
1158 1073 1339 1150 pulvis
1381 1073 1664 1130 verticem.

845 1237 1002 1294 Hine
1044 1230 1259 1309 quanta
1300 1233 1553 1291 luctuum
1595 1233 1805 1292 cohors

844 1316 1132 1375 Incumbit
1174 1315 1300 1372 orbi
1341 1315 1596 1389 perdito!

844 1398 900 1457 O
944 1398 1185 1468 Christe,
1228 1397 1287 1452 ni
1331 1395 1477 1453 feras
1520 1414 1713 1472 opem,

772 1508 781 1517 ·
847 1480 991 1556 Spes
1033 1487 1155 1538 tota
1197 1486 1392 1536 sontes
1435 1477 1672 1536 deseret.

845 1639 965 1711 Qui
1006 1659 1115 1699 nos
1157 1641 1379 1708 creavit,
1423 1639 1546 1696 laus
1590 1638 1781 1711 Patri;

845 1721 963 1793 Qui
1005 1740 1115 1780 nos
1156 1722 1411 1792 redemit,
1454 1720 1635 1789 Filio;

847 1802 1028 1879 Cujus
1070 1821 1369 1861 movemur
1410 1801 1602 1870 halitu,

847 1884 956 1943 Par
999 1886 1070 1943 sit
1113 1886 1213 1944 tibi
1256 1884 1394 1955 laus,
1442 1883 1702 1960 Spiritus,

1124 2258 1213 2299 AD
1259 2257 1527 2300 LAUDES.

848 2427 1154 2486 Ultricibus
1197 2445 1306 2486 nos
1346 2427 1599 2502 undique
1651 2473 1660 2492 ,

740 2517 745 2522 '
848 2510 1006 2567 Dum
1051 2510 1273 2567 saucias
1317 2509 1459 2579 telis,
1505 2508 1685 2578 DeuS,

852 2589 1000 2662 Quis
1043 2590 1203 2660 ferre,
1248 2600 1303 2648 te
1346 2600 1584 2665 praeter,
1629 2601 1802 2665 queat

850 2671 1244 2730 Moerentibus
1288 2672 1592 2730 solatium?

850 2831 1105 2891 Mundus
1148 2833 1423 2891 facessat:
1470 2835 1549 2892 nil
1591 2834 1719 2909 opis

850 2913 1065 2972 Favore
1108 2925 1354 2991 praestat
1397 2915 1575 2974 futili:

854 2995 1171 3054 Fallacibus
1213 2997 1352 3072 quin
1396 3008 1621 3072 asperat

852 3076 1081 3152 Alitque
1124 3077 1390 3136 fomentis
1432 3079 1667 3137 malum.
