2150 3800
452 290 565 358 382
834 285 910 342 In
952 284 1254 344 Dominica
1297 289 1354 343 in
1397 288 1637 345 Palmt's.

715 608 802 666 IN
846 609 1269 669 DOMINICA
1312 610 1400 667 IN
1444 610 1809 668 PALMIS*.

452 838 667 906 Gloria,
686 838 826 907 laus,
845 847 902 895 et
920 838 1106 896 honor
1128 838 1230 895 tibi
1253 838 1324 896 sit
1341 857 1439 895 rex
1460 838 1682 910 Christe
1705 838 2074 912 redemptor:

534 918 642 976 Cui
685 919 899 993 puerile
943 920 1119 977 decus
1162 920 1446 995 prompsit
1489 919 1782 977 Hosanna
1823 921 2012 993 pium.

452 1082 627 1138 Israel
669 1099 732 1137 es
774 1089 836 1137 tu
881 1082 1027 1152 Rex,
1072 1081 1319 1140 Davidis
1362 1093 1419 1139 et
1461 1082 1671 1157 inclyta
1710 1083 1954 1155 proles:

532 1163 787 1220 Nomine
831 1164 928 1237 qui
970 1163 1226 1230 Domini,
1251 1182 1350 1220 rex
1393 1164 1692 1221 benedicte
1737 1164 1923 1220 venis.

453 1244 666 1313 Gloria,
709 1245 808 1300 ὅτε.

450 1406 666 1464 Coetus
709 1406 768 1462 in
810 1406 1050 1464 excelsis
1092 1416 1148 1464 te
1191 1407 1383 1465 laudat
1425 1406 1673 1464 coelicus
1716 1408 1933 1476 omniS,

530 1488 605 1543 Et
646 1487 900 1545 mortalis
942 1487 1137 1558 hom0,
1183 1498 1238 1546 et
1282 1498 1486 1546 cuncta
1528 1497 1717 1545 creata
1761 1489 1954 1545 simul.

450 1569 665 1638 Gloria,
709 1569 808 1625 &o
1105 1563 1122 1602 l

448 1732 615 1788 Plebs
662 1730 931 1788 Hebraea
971 1730 1072 1786 tibi
1116 1749 1248 1788 cum
1289 1730 1495 1806 palmis
1538 1731 1707 1788 obvia
1746 1743 1934 1789 vemt:
2131 1735 2132 1788 l

530 1812 681 1870 Cum
723 1829 911 1886 prece,
955 1822 1105 1882 voto,
1150 1812 1395 1887 hymniS,
1438 1812 1713 1870 adsumus
1755 1831 1889 1871 ecce
1936 1816 2051 1871 tibi.
2131 1807 2132 1876 l

446 1893 661 1963 Gloria,
704 1895 805 1951 tlte.

449 2055 530 2112 Hi
572 2056 672 2112 tibi
715 2074 956 2131 passuro
1000 2057 1293 2114 solvebant
1332 2057 1530 2114 munia
1570 2057 1783 2115 laudis:

530 2136 655 2194 Nos
698 2138 798 2194 tibi
838 2139 1099 2213 regnanti
1142 2139 1447 2212 pangimus
1490 2156 1625 2196 ecce
1667 2139 1862 2195 melos

449 2218 662 2288 Gloria,
706 2220 804 2275 ὅτε.
2131 2296 2132 2299 ¹

2131 2304 2132 2327 l

448 2379 530 2436 Hi
571 2380 835 2455 placuere
881 2381 994 2452 tibi,
1037 2383 1260 2458 placeat
1302 2381 1531 2439 devotio
1573 2394 1797 2443 nostra:

528 2461 656 2518 Rex
674 2462 844 2533 bone,
867 2481 965 2520 rex
990 2464 1258 2533 clemens,
1282 2463 1372 2521 cui
1394 2463 1549 2520 bona
1571 2474 1773 2551 cuncta
1799 2465 2031 2539 placent.
2131 2472 2132 2513 l

445 2542 659 2613 Gloria,
702 2545 800 2602 &o

837 2683 864 2711 ²*
884 2682 1095 2742 Hymnus
1130 2698 1155 2728 e
1190 2682 1364 2729 Missali
1399 2682 1630 2730 Romano.

1355 2844 1382 2854 n-
