2150 3800
487 238 596 291 108

861 244 939 304 In
985 249 1344 314 Conversz'cme
1384 258 1448 319 S.
1476 263 1672 326 Pauli.

799 406 1057 471 Christus
1101 414 1303 490 instat3
1352 421 1731 499 impotentem

801 488 1030 564 Caecat‚
1072 508 1254 572 urget,
1300 503 1524 579 dejicit:

795 569 899 629 Ille
941 575 1092 634 cedit
1133 579 1450 658 i1nperanti,
1561 641 1571 650 .

798 651 987 728 Seque
1030 667 1215 718 totum
1257 666 1514 743 subjicit:

790 732 1089 797 Insecutor
1130 753 1260 802 ante
1303 746 1530 822 Christi,

790 814 1008 876 Praeco
1051 820 1344 885 Christum
1384 848 1674 906 personati

791 977 944 1038 Ante
985 982 1190 1057 plenus
1232 991 1331 1064 qui
1371 994 1659 1057 minarum

789 1059 1172 1137 Praeparabat
1214 1071 1452 1146 vincula,
1848 1160 1855 1165 ἢ

789 1140 848 1197 N
850 1160 962 1200 unc
1003 1154 1270 1223 tremens,
1313 1173 1421 1214 nec
1458 1158 1580 1235 Jam
1622 1165 1861 1238 rebellis,

675 1255 680 1258 -
785 1221 897 1281 Per
937 1243 1144 1288 manus
1186 1232 1514 1297 deducitur:

788 1302 907 1374 Qui
947 1307 1116 1384 lupus
1158 1331 1337 1390 rapax
1379 1318 1616 1389 furebat,

786 1384 843 1441 N
846 1403 958 1446 unc
1000 1392 1059 1447 in
1102 1409 1318 1468 agnum
1359 1404 1603 1463 vertitur.

783 1547 959 1621 Dura,
1004 1551 1247 1624 Christe,
1292 1577 1467 1636 quam
1506 1571 1728 1641 potenti

784 1629 977 1691 Corda
1017 1652 1210 1697 versas
1252 1641 1517 1704 dextera!

783 1710 901 1782 Qui
943 1724 1107 1775 tuum
1150 1721 1339 1781 delere
1380 1744 1596 1786 nomen

782 1791 919 1852 Vult
960 1795 1191 1860 tuoruni
1233 1808 1529 1881 sanguine,

780 1872 1127 1939 Universum
1169 1902 1308 1944 mox
1348 1907 1453 1964 per
1494 1893 1697 1952 orbem

780 1955 916 2032 Ipse
958 1962 1191 2023 clarabit
1234 1986 1359 2028 suo,

780 2117 863 2177 Sit
904 2139 1175 2198 suprema
1215 2128 1338 2190 laus
1379 2133 1625 2208 Parenti‚

778 2199 897 2271 Qui
938 2208 1147 2265 creavit
1188 2213 1415 2271 omnia:

777 2281 1037 2369 Filioque
1079 2290 1178 2365 qui
1222 2295 1464 2355 redemit

776 2361 968 2425 Morte
1009 2387 1119 2430 nos
1161 2373 1359 2435 volens
1403 2396 1539 2438 sua:

774 2442 885 2502 Par
926 2457 984 2506 et
1024 2451 1119 2522 illi,
1154 2454 1326 2530 'cujus
1370 2459 1524 2521 almo

655 2589 667 2603 ·
776 2523 1169 2591 Confovemur
1210 2536 1403 2597 halitu.

1047 2695 1138 2769 AD
1182 2729 1452 2778 LAUDES.

529 2851 697 2923 Quae
738 2855 1056 2931 gloriosum
1096 2873 1254 2924 tanta
1296 2869 1471 2929 coelis
1513 2883 1713 2931 evocat
1814 2940 1824 2951 .

529 2932 636 2999 Te,
681 2936 924 3012 Christe,
968 2948 1181 3004 causa?
1229 2958 1366 3008 tune
1406 2970 1631 3011 rursum
1674 2955 1855 3016 visere

523 3013 812 3079 Mundum
853 3023 1224 3103 redemptor?
1272 3040 1409 3090 tune
1448 3032 1638 3110 Judex
1682 3039 1897 3097 seculi?

527 3096 836 3163 Novumne
880 3108 1078 3182 prodis
1122 3110 1271 3169 ultor
1311 3112 1539 3173 hostem
1580 3118 1860 3192 perdere?
