2150 3800
426 252 539 289 100

893 225 973 304 In
1013 225 1177 285 Festo
1221 223 1534 284 Trindattk.

744 390 851 449 Est
892 398 1045 449 totus
1086 389 1146 447 in
1186 388 1342 447 Nato
1383 389 1569 460 Pater,

745 473 817 530 In
859 471 1025 531 Patre
1066 480 1222 530 totus
1264 471 1474 543 Filius3

748 554 807 612 N
808 563 1021 630 atoque
1059 552 1266 628 plenus
1307 570 1376 610 ac
1416 553 1587 611 Patre

755 636 914 695 Inest
955 634 1180 709 utrique
1224 634 1483 710 Spiritus,

755 796 934 868 Quod
972 794 1159 854 Natus
1201 805 1305 867 est,
1346 796 1470 862 hoe,
1502 797 1780 874 Spiritus3

758 878 896 936 Hoc
936 886 1025 936 est
1064 886 1303 954 uterque
1346 879 1504 954 quod
1545 879 1748 939 Pater:

762 959 909 1017 Tres
948 977 1065 1017 una
1110 977 1339 1018 summa
1378 959 1638 1020 Veritas:

760 1040 910 1100 Tres
949 1058 1067 1099 una
1109 1058 1338 1099 summa
1379 1040 1618 1101 Caritas,

759 1204 1011 1261 Aeterna
1053 1202 1206 1261 Patri
1247 1204 1445 1279 gloria,

764 1284 1034 1360 Natoque
1077 1285 1149 1343 sit
1190 1303 1324 1343 cum
1368 1285 1596 1361 Spiritu,

768 1365 888 1437 Qui
928 1366 1058 1424 vivit
1100 1375 1157 1423 et
1195 1377 1398 1442 regnat
1438 1366 1600 1425 Deus

769 1447 840 1507 In
878 1447 1204 1506 seculorum
1245 1448 1452 1506 secula.

610 1746 697 1808 IN
743 1745 1005 1812 FEsTo
1064 1745 1478 1804 CORPORIS
1530 1745 1890 1804 cHR1sT1.

914 1893 1008 1937 AD
1051 1892 1361 1938 OFFICIUM
1405 1855 1616 1939 NOCT:

620 2016 806 2074 Sacris
850 2013 1143 2073 solemniis
1180 2014 1378 2090 J'uncta
1418 2015 1530 2072 sint
1570 2015 1796 2090 gaudia,

619 2097 695 2154 Et
734 2116 805 2154 ex
847 2095 1193 2172 praecordiis
1234 2105 1442 2153 sonent
1480 2097 1818 2171 praeconia:

624 2177 920 2236 Recedant
957 2186 1165 2247 vetera,
1207 2194 1358 2234 nova
1399 2177 1511 2235 sint
1552 2179 1764 2249 omnia,

784 2258 994 2329 Corda,
1035 2276 1227 2328 voceS,
1268 2268 1325 2316 et
1365 2276 1558 2334 opera,

630 2419 832 2479 Noctis
871 2421 1137 2479 recolitur
1177 2438 1360 2478 coena
1401 2421 1728 2492 novissima,

632 2502 766 2573 Qua
807 2501 1067 2561 Christus
1108 2502 1353 2560 creditur
1393 2521 1610 2577 agnum
1650 2513 1705 2560 et
1748 2520 1952 2577 azyma

630 2583 874 2652 Dedisse
918 2584 1196 2649 fratribus,
1236 2584 1398 2659 juxta
1438 2584 1691 2659 legitima

793 2663 1000 2724 Priscis
1040 2665 1259 2723 indulta
1297 2665 1569 2740 patribus.

635 2826 774 2884 Post
815 2845 1030 2903 agnum
1070 2828 1344 2903 typicum,
1386 2828 1626 2904 expletis
1668 2818 1865 2903 epulis,

637 2907 864 2984 Corpus
906 2908 1280 2967 Dominicum
1323 2910 1521 2968 datum
1563 2909 1872 2985 discipulis,

637 2989 732 3048 Sic
773 3000 956 3049 totum
997 2991 1284 3057 omnibus,
1327 2993 1486 3068 quod
1529 3001 1714 3051 totum
1756 2991 2013 3067 singulis,

794 3071 936 3152 Ejus
965 3072 1209 3131 fatemur
1247 3073 1529 3133 manibus,
