2150 3800
559 235 632 302 98
1035 224 1113 283 In
1153 222 1315 282 I⁷esto
1358 223 1420 281 T
1407 226 1691 284 rt’m'lattfr.

880 389 972 448 Te
1015 388 1199 447 densa
1237 388 1451 445 circum
1492 389 1717 458 nubila,

882 472 972 529 Te
1014 470 1231 528 circum
1272 470 1638 527 inaccessum
1679 472 1886 546 jubar,

881 552 1060 623 Quod
1102 552 1255 609 intus
1296 551 1497 608 ardent
1539 552 1767 626 Angeli

884 634 1118 693 Circum
1159 642 1469 691 trementes
1511 651 1773 691 cernere.

885 795 978 854 Te
1018 795 1321 854 confitetur
1360 795 1421 852 in
1462 806 1564 852 tuo

885 877 960 936 Et
1001 877 1169 953 plebs
1210 886 1408 934 renata
1447 877 1720 946 nomine;

891 959 1195 1033 Firmaque
1237 958 1513 1035 praelibat
1554 958 1670 1015 fide

889 1041 1073 1097 Amor
1114 1039 1273 1115 quod
1315 1039 1495 1097 ambit
1535 1040 1893 1115 praemium.

892 1200 986 1260 Da
1026 1219 1202 1277 posse
1244 1202 1405 1278 quod
1441 1202 1635 1278 jubeS,
1675 1201 1886 1260 Pater:

893 1282 988 1341 Da
1029 1284 1191 1353 scire,
1236 1283 1359 1353 Fili,
1400 1283 1561 1359 quod
1603 1283 1820 1341 doces:

893 1365 1009 1423 Fac
1052 1366 1228 1423 corde
1270 1374 1410 1435 tote,
1457 1364 1718 1439 Spiritus,
1775 1395 1779 1399 ·

898 1446 1025 1505 Nos
1066 1446 1210 1505 velle
1251 1447 1412 1522 quod
1451 1446 1668 1522 probas
1708 1447 1953 1503 bonum.

896 1608 1144 1679 Praesta,
1188 1608 1355 1667 Pater
1395 1609 1675 1683 piissime,

899 1690 1167 1767 Patrique
1209 1708 1448 1765 compar
1489 1689 1695 1759 Unice,

902 1772 1115 1831 Sancto
1158 1773 1326 1831 simul
1366 1790 1502 1829 cum
1545 1771 1775 1846 Spiritu,

903 1852 1181 1930 Regnans
1221 1872 1325 1930 per
1366 1871 1541 1911 omne
1584 1852 1862 1912 seculum.

1039 2194 1132 2237 AD
1173 2187 1479 2238 OFFICIUM
1525 2193 1717 2237 NOCT.

668 2392 946 2453 Sublime⁴
964 2393 1214 2466 Numen,
1258 2405 1342 2453 ter
1379 2404 1605 2470 potens,
1646 2404 1749 2454 ter.
1773 2395 2084 2455 maximum,

669 2472 1224 2551 Incomprehensum
1266 2476 1407 2534 lucis
1449 2477 1768 2535 immensae
1806 2477 1981 2552 jubar,

671 2558 924 2633 Simplex
966 2567 1025 2615 et
1062 2577 1228 2628 unus,
1271 2568 1328 2615 et
1365 2559 1544 2616 tribus
1585 2568 1855 2616 constans
1898 2557 2059 2624 Deus,

671 2639 761 2696 Te
802 2657 892 2697 res
934 2650 1153 2698 creatae
1196 2639 1363 2698 laude
1402 2640 1527 2715 jugi
1567 2640 1886 2697 concinant.

672 2799 768 2858 Tu
811 2800 1103 2859 Trinitatis
1144 2801 1275 2861 fons
1317 2801 1702 2872 inexhaustuS,
1746 2802 1927 2871 Pater,

655 2883 875 2958 Filique
919 2894 1171 2941 nascens
1215 2883 1397 2941 Patris
1439 2894 1671 2942 aeterno
1713 2885 1873 2953 sinu„

653 2965 740 3021 Ac
784 2975 983 3023 sancte
1010 2983 1258 3023 manans
1303 2984 1336 3023 e
1381 2966 1606 3040 duqbus
1638 2965 1901 3041 SpirituS,

649 3044 746 3102 Nil
789 3064 892 3104 vos
937 3047 1000 3103 in
1043 3065 1161 3105 una
1203 3047 1403 3106 dividit
1442 3048 1773 3107 substantia.
