2150 3800
511 253 621 309 130
982 230 1095 314 SS.
1138 230 1309 293 Petri
1340 241 1392 293 et
1425 233 1619 296 Pauli.

674 398 756 455 Sit
798 397 1148 473 sempiterno
1190 398 1537 474 sempiterna
1575 400 1700 459 laus
1740 399 1931 458 Patri:

672 478 842 536 Petro
883 491 1164 553 supernus
1206 497 1382 556 quem
1422 482 1685 540 revelavit
1727 481 1915 553 Pater,

672 559 917 617 Aeter'ne
959 559 1082 631 Fili,
1127 561 1249 619 laus
1291 561 1392 638 tibi
1433 559 1504 621 sit
1538 565 1831 631 ,maximat

673 640 756 699 Sit
797 659 900 717 par
942 658 1214 716 supremo
1255 643 1379 722 laus
1421 644 1712 721 decusque
1753 645 2035 703 Flamini.

899 995 991 1040 AD
1032 960 1360 1046 ,SECUNDAS
1405 995 1727 1050 vespam&

595 1212 865 1274 Tandem
906 1214 1185 1285 laborum,
1227 1214 1462 1290 gloriosi
1503 1216 1790 1292 principes
1848 1269 1853 1275 .

595 1297 867 1355 Fructum
906 1297 1143 1356 tenetis:
1202 1296 1335 1354 fana
1375 1298 1592 1371 passim
1634 1306 1941 1355 corruunt:

595 1378 753 1448 Quin
794 1378 920 1453 ipsa
959 1378 1069 1436 late
1113 1376 1306 1444 Roma
1346 1379 1540 1436 victrix
1582 1378 1855 1454 gentium,

598 1459 672 1516 Se
715 1457 1040 1517 Christiano
1077 1460 1199 1535 jam
1242 1468 1431 1534 stupet
1471 1460 1640 1518 subdi
1677 1461 1837 1535 jugo,

598 1621 784 1679 Saevit
828 1619 1166 1696 Tyrannus3
1224 1631 1281 1679 at
1321 1621 1668 1698 tn'umphant
1709 1622 2012 1681 victimae:

598 1704 757 1761 Alter
799 1721 902 1779 per
943 1721 1143 1763 ensem
1184 1704 1377 1773 victor,
1421 1704 1560 1761 alter
1600 1722 1703 1779 per
1743 1723 1999 1775 crucem,

602 1783 784 1843 Coelo
826 1775 1100 1843 cofonam
1143 1785 1374 1843 laureati
1415 1786 1744 1860 possident;

601 1864 901 1943 Fususque
943 1867 1176 1943 sanguis
1220 1864 1573 1925 Christianos
1616 1867 1873 1926 seminat.

604 2027 861 2103 Superba
904 2029 1138 2086 sordent
1179 2026 1459 2087 Caesares
1499 2029 1792 2100 cadavera,

602 2108 784 2179 Queis
824 2110 960 2167 urbs
1002 2109 1197 2167 litabat
1239 2109 1398 2185 impii
1440 2110 1622 2168 cultus
1660 2111 1852 2169 ferax:

602 2191 1012 2265 Apostolorum
1053 2191 1323 2265 gloriatur
1363 2192 1608 2262 ossibus,

603 2270 918 2348 Fixamque
961 2272 1161 2331 adorat
1203 2272 1440 2330 collibus
1483 2272 1599 2330 suis
1642 2291 1886 2332 crucem.

605 2432 776 2491 Nunc
818 2452 856 2491 o
897 2451 1096 2492 cruore
1136 2442 1446 2509 purpurata
1486 2433 1679 2503 nobili,

606 2515 900 2590 Novisque
941 2514 1073 2572 felix
1118 2514 1312 2573 Roma
1354 2515 1757 2585 conditoribuS,

608 2596 837 2653 Horum
877 2595 1166 2670 trophaeis
1207 2607 1390 2668 aucta,
1434 2606 1649 2672 quanto
1692 2598 1877 2656 verius

607 2677 833 2751 Regina
872 2672 1055 2752 fulges
1099 2678 1238 2735 orbe
1281 2688 1403 2737 toto
1444 2679 1671 2750 civitas;

609 2839 690 2896 Sit
732 2839 1081 2914 semipterno
1123 2841 1469 2915 sempiterna
1507 2841 1631 2899 laus
1674 2839 1857 2899 Patri:

610 2920 692 2978 Sit
733 2921 1143 2996 sempiternum
1185 2921 1329 2980 Filio
1371 2922 1554 2981 Patris
1596 2921 1805 2980 decus:

607 3001 727 3073 Qui
769 3002 947 3060 nectis
988 3002 1213 3072 ambos,
1256 3021 1474 3080 aequus
1515 3003 1817 3073 ambobus,
1861 3003 1963 3064 tibi

607 3082 825 3153 Divine‚
871 3083 941 3140 sit
984 3083 1108 3141 laus
1151 3085 1509 3159 sempiterna,
1555 3084 1811 3161 Spiritus.
