2150 3800
456 287 529 336 44

466 1074 487 1089 .
513 1000 599 1057 IN
644 998 906 1059 FESTO
944 997 1625 1058 CIRCUMCISIONIS
1668 998 2015 1058 DOMINI.

856 266 933 325 In
973 265 1137 323 Festo
1181 263 1642 325 Circumczkiomk.

778 428 897 500 Qui
938 438 1106 487 natus
1148 447 1214 488 es
1256 429 1328 487 de
1370 428 1626 505 Virgine,

777 510 933 587 Jesu‚
976 510 1076 568 tibi
1120 511 1191 569 sit
1230 511 1413 586 gloria

780 591 931 650 Cum
974 591 1158 663 Patre,
1202 609 1450 668 cumque
1495 592 1722 669 Spin’tu,

780 672 850 730 In
892 674 1238 749 sempiterna
1280 674 1486 732 secula.

871 1131 962 1174 AD
1005 1129 1239 1174 PRIMAS
1285 1128 1609 1179 VESPERAS.

617 1235 835 1294 Debilis
876 1245 1103 1294 cessent
1144 1236 1429 1294 elementa
1468 1236 1649 1312 legis:

621 1318 719 1376 Sat
761 1317 860 1375 diu
899 1327 1123 1375 mentes
1163 1318 1335 1375 timor
1376 1318 1710 1394 occupavit:

619 1399 847 1457 Foedus
884 1400 1102 1457 aeterni
1144 1398 1389 1457 stabilire
1430 1399 1599 1476 Jesus

780 1480 988 1556 Coepit
1029 1481 1258 1538 amoris.

622 1643 754 1700 Sole
799 1643 870 1701 de
913 1660 1046 1700 vero
1088 1642 1296 1711 radius,
1341 1640 1559 1715 paterni

619 1723 878 1782 Luminis
920 1742 1095 1799 purus
1138 1724 1259 1782 sine
1301 1721 1455 1780 nube
1498 1722 1785 1797 splendor,

620 1804 835 1863 Probra
874 1807 1096 1882 peccati
1136 1822 1278 1881 puer
1318 1821 1453 1861 ecce
1494 1805 1702 1862 tinctus

782 1886 1071 1963 Sanguine
1114 1884 1373 1964 praefert.

620 2049 799 2106 Stillat
839 2050 1063 2108 excisos
1106 2050 1265 2125 pueri
1305 2066 1408 2124 per
1448 2059 1600 2107 artus

619 2130 837 2200 Efficax
880 2149 1062 2189 noxas
1104 2132 1332 2190 abolere
1375 2130 1639 2205 sanguis:

619 2211 852 2287 Obligat
893 2213 1063 2270 morti
1105 2213 1355 2288 pretiosa
1395 2221 1580 2269 toturn

779 2292 938 2352 Stilla
977 2312 1254 2352 cruorem.

621 2454 788 2513 Haec
832 2456 954 2514 dies
994 2474 1212 2514 nomen
1252 2458 1354 2516 tibi
1396 2460 1762 2534 comparavit,

621 2536 677 2595 O
720 2537 883 2608 Puer,
927 2555 1143 2614 pronus
1186 2541 1344 2614 quod
1387 2540 1585 2599 adoret
1625 2540 1818 2610 orbis;

619 2618 694 2675 Et
737 2618 904 2676 simul
946 2620 1074 2689 dici,
1116 2621 1286 2679 simul
1329 2623 1452 2698 ipse
1494 2621 1663 2698 Jesus

783 2699 995 2776 Incipis
1038 2719 1182 2760 esse.

624 2861 864 2919 Summa
903 2862 1026 2921 laus
1070 2863 1256 2936 Patri;
1301 2865 1468 2922 simul
1510 2882 1694 2941 aequa
1737 2862 1903 2934 Nato,

624 2941 742 3013 Qui
785 2961 892 3002 suo
932 2945 1216 3003 mundum
1257 2945 1482 3004 redimit
1523 2963 1755 3006 cruore:

621 3022 730 3081 Par
772 3024 843 3083 sit
884 3026 1188 3084 amborum
1228 3027 1330 3085 tibi
1371 3028 1495 3088 laus
1536 3047 1637 3105 per
1679 3046 1866 3098 omne,

784 3105 1040 3183 SpirituS‚
1084 3126 1306 3168 aevum.
